4500 5528
1112 425 1158 528 qt

180 669 389 757 magnitudinis
410 670 564 752 specimen
585 670 686 736 edidit.
729 671 931 747 Quamobrem
959 673 1053 739 verba
1073 672 1219 754 comite
1237 670 1331 740 rebus
1351 670 1471 740 bemus
1489 670 1614 740 obtutu
1631 688 1696 756 >pro
1725 673 1834 755 spuriis
1853 675 1991 745 habenda
2011 678 2084 744 mibi

179 790 318 855 videatur
337 789 375 855 ab
397 806 437 853 eo
456 789 648 872 interposita,
671 790 739 873 qul,
760 798 795 856 ut
815 792 970 858 doctrinae
990 809 1065 858 suae
1086 795 1240 876 specimen
1260 791 1383 874 ederet,
1405 797 1562 858 mnotaret
1581 791 1696 858 bellicis
1717 793 1837 874 quidem
1854 797 1949 863 rebus
1969 798 2084 882 coget.

179 917 239 975 tam
255 909 317 994 janu
337 908 433 974 inisse
453 907 565 973 mmuh
583 909 733 974 obtutam.
777 911 890 986 Quibus
915 911 1017 977 uerbis
1037 912 1143 997 ejectis
1162 911 1234 975 mhli
1255 909 1436 975 difficultatis
1455 910 1574 975 videtur
1594 914 1726 993 τοιιατο,
1751 907 1911 980 dummodo
1931 915 2082 998 speum

181 1044 242 1092 non
263 1029 476 1093 nominativum
504 1027 559 1093 sed
586 1028 786 1093 accusativum
812 1045 884 1093 esse
907 1028 1087 1113 judicemus.
1130 1029 1196 1096 lieo
1215 1029 1389 1114 scrupulum
1414 1028 1487 1096 mibi
1514 1030 1626 1114 injicit,
1650 1027 1736 1112 quod
1760 1029 1812 1096 W.
1835 1033 1906 1099 dicit
1932 1037 2081 1105 natm!

179 1147 339 1215 uictoriam
359 1145 471 1230 opponi
492 1146 632 1212 diuturno
653 1148 748 1212 labori
769 1164 830 1211 non
850 1146 972 1214 uirtuth
994 1149 1174 1232 sublmen·
1850 1182 1853 1185 ·

264 1266 319 1330 Est
340 1266 419 1331 enim
442 1265 502 1330 boc
523 1267 676 1349 proprimn
698 1272 728 1329 et
741 1266 943 1330 Romanorum
965 1272 996 1330 et
1010 1266 1204 1349 Graecorum,
1225 1273 1260 1331 ut
1280 1283 1336 1349 pro
1350 1266 1440 1331 insito
1455 1265 1558 1331 animis
1577 1267 1694 1351 uigore,
1716 1273 1874 1349 antequam
1889 1272 2081 1355 contrarium,

181 1388 262 1469 quod
288 1389 319 1450 in
348 1393 449 1451 mente
475 1387 602 1467 habent,
629 1387 798 1468 proterant,
828 1402 889 1450 non
918 1404 988 1451 raro
1017 1388 1103 1453 ubam
1132 1388 1286 1452 notionem
1312 1386 1519 1469 interponant,
1548 1385 1577 1449 ei
1603 1386 1677 1467 ipsi,
1706 1404 1794 1467 qnam
1816 1388 1981 1471 opposituri
2000 1394 2081 1474 sunt,

180 1507 368 1572 contrariam.
411 1505 522 1571 Eadem
544 1508 660 1570 ratione
682 1504 875 1589 explicandus
897 1505 968 1569 mihi
987 1504 1105 1570 videtur
1127 1504 1214 1569 Hom.
1235 1504 1273 1568 Ji.
1295 1501 1393 1584 xlm,
1413 1522 1444 1570 v.
1467 1503 1546 1589 109,
1574 1504 1627 1570 ubi
1646 1503 1760 1571 Hector
1780 1504 1866 1571 dicit:

389 1622 436 1696 air
457 1619 625 1705 ἐρέουσιν·
647 1621 724 1700 ἐμοὶ
746 1617 782 1687 δέ
801 1621 872 1687 τότ’
896 1619 943 1688 ἂν
964 1620 1058 1687 πολύ
1082 1614 1222 1705 κέρδιον
1242 1620 1311 1707 alp,

389 1734 498 1828 aimo
518 1738 541 1828 ἧ
564 1740 723 1829 Ἀχιλῆα
744 1740 1009 1807 κατακτείναντα
1032 1738 1166 1805 νέεσθαι

389 1858 431 1947 ι)’έ
452 1882 509 1923 κεν
532 1858 642 1924 αὐτόν
665 1858 814 1926 ὀλέσθαι
836 1857 996 1933 ἐϋκλειῶς
1017 1857 1086 1945 πρὸ
1113 1857 1258 1946 accipet.

265 1982 393 2061 Hector,
420 1980 471 2043 ubi
495 1986 630 2043 metuere
652 1998 686 2043 se
716 1980 804 2062 dixit,
833 1999 872 2044 ne
894 1982 924 2044 in
945 1981 1050 2045 urbem
1072 1978 1226 2064 refugiens
1248 1976 1383 2062 'l'rojanis
1405 1975 1504 2041 irrisui
1525 1973 1619 2058 foret,
1647 1976 1762 2060 pergit:
1792 1981 1854 2039 tum
1875 1975 1967 2040 multo
1988 1977 2081 2042 satius

181 2103 251 2166 mihi
272 2102 379 2181 inerit,
403 2101 594 2165 resistentem
615 2107 666 2163 ant
686 2099 802 2166 Achille
822 2103 981 2166 interemto
1002 2101 1102 2164 redire
1123 2104 1174 2163 aut
1194 2099 1290 2181 ipsum
1318 2112 1374 2178 pro
1395 2093 1551 2159 moestibus
1570 2094 1704 2159 interire.
1748 2092 1847 2159 Cuivis
1869 2102 1967 2161 autem
1987 2114 2083 2179 appa·

181 2222 271 2300 rebit,
294 2221 457 2284 Hectorem
477 2219 509 2280 in
531 2219 628 2281 animo
650 2218 789 2281 habuisse
811 2218 929 2298 dicere,
958 2219 1051 2282 satius
1080 2219 1135 2283 sibi
1162 2218 1293 2283 futurum
1322 2234 1391 2281 esse
1419 2214 1468 2279 vei
1497 2215 1619 2280 interire
1642 2212 1718 2296 pede
1740 2231 1809 2279 com
1829 2212 1944 2280 Achille
1962 2216 2083 2284 collato.

181 2340 240 2406 Sed
262 2346 419 2420 antequam
441 2335 523 2420 quod
550 2356 641 2401 unum
663 2337 756 2400 satius
777 2354 847 2401 esse
869 2337 928 2401 dici
949 2343 1049 2419 potest
1076 2338 1209 2422 profert,
1232 2337 1361 2402 animum
1383 2337 1449 2419 ejus
1470 2333 1550 2400 subit
1570 2334 1727 2420 cogitatio,
1751 2332 1817 2399 beri
1839 2349 1947 2417 posse,
1974 2342 2008 2399 ut
2029 2354 2085 2401 re·

179 2461 289 2525 sistem
309 2455 416 2521 Achilli
435 2475 505 2520 cum
526 2457 642 2536 vincat,
663 2456 752 2537 idque
774 2457 946 2539 interponit.

265 2575 407 2660 Ejusdem
427 2576 551 2660 generis
572 2582 619 2639 est
641 2576 702 2638 Cic.
726 2576 758 2639 in
784 2575 871 2639 daec.
896 2574 940 2638 l.:
966 2575 1053 2640 Cum
1083 2583 1275 2657 quaestor
1301 2577 1340 2641 in
1368 2574 1510 2642 Sicilia
1536 2572 1718 2655 inissem,
1743 2572 1922 2662 judices,
1949 2572 2085 2653 itaque

181 2718 227 2763 ex
248 2717 289 2761 ea
310 2694 520 2778 provincia
547 2693 825 2776 decessissem,
854 2700 892 2758 ut
914 2693 1062 2759 Siculis
1091 2695 1269 2760 omnibus
1294 2693 1501 2778 jucundam
1529 2690 1836 2774 diuturnamque
1864 2691 2086 2757 memoriam

181 2820 423 2897 quaesturae
451 2814 701 2895 nominisque
729 2815 802 2877 mei
829 2813 1117 2893 relinquerem:
1145 2813 1292 2878 iactum
1319 2820 1395 2895 est,
1423 2814 1481 2877 uti
1506 2829 1589 2877 cum
1610 2826 1791 2875 summum
1818 2811 1857 2875 iu
1877 2811 2086 2879 veteribus

182 2932 364 3017 patronis
398 2930 532 2995 multis
561 2938 637 2995 tum
675 2931 905 2995 nonnullum
934 2933 1050 2996 etiam
1079 2934 1115 2996 in
1151 2950 1206 2996 me
1237 2932 1479 3015 praesidium
1506 2932 1591 2995 suis
1619 2929 1796 2994 fortunis
1825 2928 2087 2994 constitutum

181 3070 270 3117 esse
301 3049 606 3116 arbitrarentur.
705 3028 707 3032 ⁸

268 3168 455 3234 Manifestum
479 3176 542 3249 est,
565 3169 687 3231 aiteram
709 3169 941 3231 enuntiationem
963 3185 1025 3230 non
1045 3188 1167 3235 manure
1192 3187 1232 3232 en
1253 3169 1380 3249 protasi,
1409 3167 1463 3231 sed
1485 3185 1551 3231 eam
1573 3170 1607 3230 ut
1627 3170 1769 3248 poneret,
1799 3170 1949 3230 oratorem
1971 3163 2106 3230 adduc·.

184 3297 246 3354 turn
268 3306 338 3352 esse
359 3308 395 3353 ea
417 3287 534 3352 demum
557 3288 722 3367 sententia,
743 3304 831 3368 quam
854 3286 885 3349 in
907 3289 1005 3349 animo
1026 3288 1152 3352 habebat
1176 3304 1231 3370 pro
1255 3287 1377 3367 apodosi
1399 3303 1525 3369 ponere.

269 3407 318 3473 Sic
338 3407 438 3470 bivias
461 3425 552 3487 quum
576 3406 707 3469 dicturus
730 3405 851 3486 luisset,
879 3405 910 3468 id
931 3405 1013 3487 quod
1034 3408 1081 3470 vir
1102 3406 1151 3471 iiie
1173 3406 1361 3470 doctissimus
1382 3407 1456 3488 vuit,
1477 3407 1508 3470 ni
1527 3405 1649 3471 iortuna
1668 3409 1855 3469 maturam
1876 3403 2087 3468 victoriam

185 3527 331 3606 dedisset,
361 3527 392 3589 in
421 3532 549 3588 mentem
580 3526 607 3587 ei
635 3527 731 3603 venit,
759 3524 846 3587 simui
867 3524 988 3587 Camillo
1017 3526 1206 3589 occasionem
1235 3525 1360 3589 oblatam
1389 3542 1458 3588 esse
1487 3525 1639 3605 specimen
1666 3522 1784 3586 virtutm
1811 3520 1929 3586 edendi
1973 3520 2089 3585 blatura

187 3655 284 3710 autem
306 3646 432 3708 victoria
453 3651 484 3707 et
505 3645 657 3726 specimen
679 3645 795 3707 virtutis
816 3650 900 3707 recte
922 3663 940 3707 a
961 3645 1108 3727 scriptore
1131 3647 1209 3710 inter
1230 3663 1265 3708 se
1288 3647 1487 3726 opponuntur.
1523 3642 1701 3722 Plerumque
1722 3641 1816 3723 enm,
1840 3639 1946 3723 quibus
1967 3638 2090 3706 fortuna

187 3773 329 3830 maturam
350 3765 505 3827 victoriam
526 3763 592 3843 dat,
617 3762 721 3826 iisdem
743 3764 859 3825 virtutis
882 3763 1076 3828 ostentandae
1099 3767 1288 3830 occasionem
1309 3764 1450 3846 denegat.

1045 3962 1100 4058 th,
1123 3964 1183 4048 lt.
1206 3965 1241 4048 8.

271 4118 325 4181 Ad
349 4117 421 4180 hoc
443 4121 627 4179 servatos
650 4134 696 4177 ex
717 4114 901 4178 hostibus
923 4117 1033 4179 cives
1055 4115 1264 4199 produxit,
1293 4117 1401 4180 inter
1428 4133 1526 4196 quos
1555 4113 1588 4180 0.
1618 4111 1833 4180 Seruilium
1861 4114 2092 4197 magistrum

187 4238 361 4319 equitnm
383 4236 587 4299 absentem
608 4231 855 4299 nominatum.

272 4355 372 4419 Verba
393 4357 498 4417 inter
519 4369 616 4435 quos
638 4387 680 4398 —
703 4354 941 4416 nominatum
971 4353 1124 4433 quaeritur
1146 4360 1177 4418 et
1199 4370 1260 4435 qno
1289 4369 1381 4416 sensu
1409 4350 1601 4433 intelligenda
1622 4350 1682 4417 sim
1704 4355 1736 4413 et
1756 4347 1837 4414 unde
1858 4347 2016 4432 pendeant.
2054 4344 2093 4413 m

188 4473 392 4537 Alschelshins
415 4471 532 4551 quidem
555 4489 590 4534 ea
612 4467 745 4551 pendere
768 4477 872 4534 censet
893 4490 933 4535 cx
951 4489 1028 4534 voce
1050 4472 1153 4539 dicunt
1174 4490 1252 4554 quae
1276 4466 1439 4552 supplenda
1459 4469 1507 4534 sit.
1535 4467 1592 4534 W.
1614 4467 1764 4534 autemid
1789 4470 1876 4533 nimis
1896 4467 2003 4533 durum
2024 4483 2094 4531 esse

190 4610 247 4655 nec
268 4594 320 4673 qui
341 4589 460 4656 abesset
481 4589 605 4671 produci
627 4606 717 4670 posse
738 4589 851 4670 dicens,
875 4589 905 4653 G.
930 4589 1142 4655 Servilium
1167 4626 1204 4637 -
1231 4591 1469 4654 nominatum
1491 4607 1509 4652 e
1532 4588 1835 4672 uerbo'prodnxit
1855 4585 1988 4668 pendere
2009 4590 2096 4670 putat

189 4717 221 4776 et
242 4713 469 4794 magistrum
492 4708 667 4789 equitum
689 4708 890 4773 absentem
912 4711 1138 4777 nominatam
1158 4727 1215 4793 pro
1230 4711 1370 4775 attributo
1387 4707 1484 4774 habet.
1530 4707 1741 4774 dumalias
1763 4704 2097 4789 civesproduxit,

190 4836 266 4894 tum
289 4827 321 4893 c.
348 4826 664 4912 S'ervilium‚'qui
685 4829 876 4915 magister
897 4830 1073 4909 equitum
1095 4829 1237 4895 absens
1265 4828 1490 4894 nominatus
1509 4833 1610 4893 erat
1653 4826 1712 4894 Sed
1742 4825 1942 4909 mirum-est,
1971 4824 2097 4905 Liuium,

191 4945 251 5030 qno
272 4947 342 5016 loco
364 4945 465 5014 debuit
486 4947 588 5014 dicere
609 4945 777 5015 seauton
790 4947 943 5014 absentem
963 4949 1139 5034 magistrum
1160 4950 1294 5032 equitum
1316 4948 1497 5014 nominatum
1512 4965 1604 5030 esse,
1629 4961 1693 5011 non
1713 4962 1980 5027 commemorasse,
2009 4960 2098 5011 com·

1792 5051 1814 5112 2
