4500 5528
1076 411 1248 560 ,ο-

201 675 278 740 sibi
301 671 339 760 [i.
363 694 390 737 e.
414 680 570 755 postquam
592 690 629 736 ea
651 677 709 735 tam
731 671 782 735 diu
804 669 1018 754 obtinuisset),
1050 672 1223 753 spoliata
1245 669 1480 734 redditurus
1511 676 1632 736 esset.
1656 666 1713 751 34,
1738 671 1768 735 2.
1791 672 1822 736 l.
1852 672 1885 736 si
1915 648 2109 739 foeminas

202 796 247 860 ad
269 792 529 859 concitandas
548 761 790 854 tribunicias
817 792 1043 856 seditiones
1068 793 1144 875 jam
1173 788 1401 854 adduxistis
1422 790 1443 853 i.
1468 809 1497 854 e.
1522 791 1627 873 sijam
1648 798 1688 854 eb
1710 798 1832 857 ventum
1853 798 1914 874 est,
1936 798 1979 857 ut.
2024 793 2109 857 Ovld.

201 915 272 978 Her.
296 912 333 992 3,
365 911 417 975 67.
462 912 501 976 si
528 911 601 974 tibi
625 913 701 994 jam
730 909 968 991 reditusque
997 910 1158 991 placent
1180 916 1211 974 et
1230 928 1308 991 quae
1329 927 1434 991 seqq.;
1462 927 1500 974 eo
1522 910 1642 992 etipse
1664 909 1815 990 locolu
1839 913 1876 977 de
1899 914 2107 993 temporeiu-

202 1031 395 1115 telligendum
424 1034 480 1092 est.
526 1028 585 1091 Cio.
617 1029 687 1092 Sull.
717 1027 754 1108 t,
786 1028 837 1091 22.
867 1028 905 1093 Si
928 1030 1006 1112 jam
1033 1026 1106 1091 tibi
1134 1028 1207 1091 hoc
1237 1029 1460 1092 concedam.
1503 1029 1662 1110 Postquam
1690 1031 1843 1112 complure
1873 1032 1909 1095 ab
1933 1038 2108 1096 accusatore

202 1151 315 1234 prolata
337 1170 354 1213 ο
376 1149 521 1212 Cicerone
543 1147 669 1211 refutatu
692 1153 778 1229 suut,
809 1146 879 1228 quid
907 1146 1067 1241 simplicius
1090 1165 1177 1227 quam
1200 1145 1236 1208 ad
1259 1165 1366 1211 novam
1387 1165 1452 1211 rem
1474 1145 1688 1229 procedentem
1709 1166 1777 1212 eum
1799 1148 1910 1216 addere
1925 1135 2014 1229 lobni
2056 1150 2108 1216 W.

201 1270 300 1352 adjicit
322 1269 440 1349 quidem
462 1268 550 1332 etiam
571 1268 644 1330 alios
665 1284 825 1347 superesse
846 1267 945 1347 locos,
974 1268 1081 1348 quibus
1103 1269 1136 1330 si
1152 1264 1218 1345 lem
1239 1266 1316 1329 iilam
1340 1267 1398 1329 vim
1420 1273 1536 1331 teneat:
1564 1285 1654 1331 wenn
1674 1266 1830 1349 blithildis,
1859 1269 1914 1335 sed
1941 1268 1998 1333 nisi
2024 1270 2109 1334 aliter

202 1389 364 1470 comparati
385 1394 469 1467 sunt,
492 1385 563 1450 nihil
584 1385 640 1449 illis
661 1386 813 1469 probatur.
859 1387 942 1461 Quae
964 1405 1055 1466 quum
1077 1385 1117 1449 ita
1139 1385 1207 1467 sint,
1229 1385 1427 1467 praeferenda
1447 1384 1567 1452 videtur
1586 1385 1755 1452 emendatio
1775 1387 1878 1456 lame!
1897 1388 1934 1453 eb
1955 1390 2019 1454 eliis
2041 1389 2109 1453 edi-

201 1508 316 1571 toribus
338 1512 469 1587 recepte.
512 1505 593 1569 idem
615 1504 754 1568 mendum
771 1501 837 1583 lem
859 1524 915 1587 pro
937 1506 1039 1572 lamen
1061 1505 1293 1588 deprehenditur
1314 1505 1373 1586 22,
1402 1504 1454 1570 59.
1481 1503 1537 1615 lg,
1569 1507 1625 1570 nisi
1648 1504 1728 1589 quod
1749 1506 1800 1572 illo
1821 1509 1889 1573 loco
1911 1526 1989 1573 unus
2011 1508 2109 1573 codex

201 1627 332 1690 melioris
355 1631 444 1688 notae
465 1625 554 1689 habet
575 1623 603 1691 sl
624 1625 735 1691 umen.
779 1624 876 1688 Nihilo
897 1631 996 1689 tamen
1020 1626 1118 1688 secius
1141 1626 1228 1688 etiam
1251 1626 1301 1689 illo
1322 1625 1392 1689 loco
1414 1623 1464 1690 W.
1486 1626 1513 1689 si
1530 1622 1596 1704 lou
1622 1626 1653 1688 in
1674 1632 1789 1690 textum
1816 1628 2019 1710 recipiendum
2049 1646 2109 1711 pu-

201 1748 283 1809 tavit.
327 1743 532 1808 Alschefskius
555 1751 586 1807 et
608 1743 730 1808 Fabrius
752 1742 940 1808 retinuerunt
963 1742 989 1810 sl
1011 1744 1112 1810 lernen
1133 1745 1153 1807 i.
1176 1763 1203 1807 e.
1227 1746 1253 1807 si
1275 1744 1404 1826 quidem.

1020 1945 1148 2044 litu,
1174 1945 1232 2029 25.
1260 1946 1294 2029 8.

246 2085 249 2093 ’
285 2102 490 2186 Negabaut
514 2097 776 2184 (pontifices)
798 2118 908 2164 unam
931 2101 1069 2164 cellam
1092 2099 1241 2164 duobus
1262 2105 1375 2163 reete
1398 2096 1593 2179 dedicari,
1622 2099 1720 2180 quia,
1743 2101 1776 2163 si
1797 2099 1842 2164 de
1864 2102 1979 2165 coelo
2002 2108 2107 2166 tacta

200 2228 264 2284 aut
292 2221 470 2305 prodigii
498 2205 649 2300 aliquid
678 2206 715 2282 in
744 2193 961 2282 ea-iectum
988 2226 1113 2299 esset,
1145 2217 1335 2281 difficilis
1364 2220 1596 2299 procuratio
1626 2218 1750 2298 foret,
1779 2220 1899 2299 quod,
1928 2221 2007 2284 utri
2035 2221 2106 2286 deo

200 2358 264 2404 res
295 2338 429 2403 divina
462 2337 602 2417 fieret,
638 2338 737 2401 sciri
766 2355 840 2400 non
870 2345 1025 2421 posset;
1061 2357 1188 2420 neque
1224 2339 1324 2402 enim
1360 2339 1511 2402 duobus
1541 2341 1618 2403 nisi
1655 2340 1780 2403 certis
1809 2338 1894 2404 deis
1926 2343 2003 2404 rite
2032 2361 2106 2405 una

199 2461 331 2524 hostia
360 2460 464 2523 fieri.
571 2481 573 2487 ·

285 2579 335 2641 W.
359 2578 446 2642 allert
467 2583 567 2641 notam
589 2577 684 2642 Servii
706 2574 743 2640 ad
766 2577 860 2660 Virg,
883 2575 962 2640 unde
983 2582 1106 2658 apparet
1127 2581 1260 2638 certos
1283 2575 1356 2638 deos
1378 2577 1536 2639 torminum
1560 2574 1727 2640 technicum
1749 2595 1838 2658 quem
1863 2584 1971 2642 vocent
1993 2578 2105 2656 luisse3

201 2697 356 2781 pontifices
379 2699 456 2760 enim
479 2697 590 2760 dixisse
612 2695 738 2779 singulis
766 2695 879 2759 actibus
907 2697 1045 2778 proprios
1071 2696 1144 2759 deos
1174 2713 1315 2777 praeesse
1342 2713 1456 2776 eosque
1480 2715 1497 2758 ο
1521 2697 1657 2759 Varrone
1679 2701 1815 2758 certos
1845 2695 1918 2758 deos
1942 2698 2104 2778 appellatos

200 2834 285 2893 esse,·
315 2815 369 2880 sed
390 2815 441 2879 W.
457 2817 520 2898 ipse
544 2814 670 2896 dubitat,
695 2821 793 2879 ulrum
814 2815 914 2879 Liuius
941 2815 989 2878 iila
1011 2814 1102 2879 verba
1126 2833 1164 2878 eo
1190 2835 1282 2879 sensu
1311 2816 1459 2879 intellecta
1481 2816 1608 2879 voluerit
1630 2833 1668 2877 an
1690 2817 1788 2897 potius
1810 2833 1859 2895 eo,
1883 2822 1915 2878 ut
1938 2819 2012 2879 certi
2034 2819 2105 2898 qui-

200 2936 266 3000 dam
289 2937 328 3000 dii
347 2936 553 3020 significentur
574 2954 591 2999 a
612 2935 799 3017 pontificibus
820 2936 971 2998 nominati.
1016 2936 1086 2999 llihi
1102 2936 1220 3017 quidem
1243 2942 1381 2998 neutrum
1403 2936 1521 2998 videtur
1543 2953 1647 2997 verum
1669 2951 1748 3015 esse,
1772 2952 1893 3016 quoque
1915 2953 2006 2999 sensu
2030 2939 2105 3001 certi

200 3056 240 3119 dii
262 3057 425 3138 aecipiendi
454 3059 528 3137 siut,
559 3074 599 3119 ex
626 3057 717 3137 ipsius
744 3057 819 3120 Livii
848 3056 947 3119 verbis
970 3075 1123 3138 apparere.
1168 3059 1275 3120 velant
1304 3056 1460 3138 pontifices
1485 3055 1601 3119 duobus
1631 3053 1685 3118 diis
1715 3073 1802 3118 unam
1832 3055 1934 3118 cellam
1963 3057 2103 3121 dedicari.

200 3174 283 3238 Cur?
319 3176 402 3255 Quia,
426 3175 452 3236 si
467 3175 634 3260 prodigium
649 3176 867 3256 procurandum
891 3183 982 3256 esset,
1005 3179 1075 3240 sciri
1097 3195 1157 3240 non
1181 3182 1297 3258 posset,
1321 3177 1378 3238 utri
1401 3175 1457 3238 deo
1480 3193 1530 3237 res
1553 3174 1650 3237 divina
1672 3173 1766 3237 beret.
1810 3173 1850 3236 At
1872 3176 1966 3239 enim:
1988 3177 2104 3239 sacrifi-

200 3293 322 3372 cabant,
347 3294 481 3373 inquies,
510 3300 577 3355 uter
600 3293 674 3356 deus
696 3293 856 3375 placandus
881 3303 959 3374 erat,
983 3298 1007 3358 is
1029 3296 1084 3358 sibi
1107 3294 1214 3358 iactum
1237 3293 1357 3357 sciebat.
1406 3293 1438 3356 ld
1461 3294 1596 3357 nimirum
1619 3293 1758 3356 velebant
1780 3293 1944 3375 pontifices.
1989 3296 2103 3378 Quippe

199 3431 261 3476 non
288 3412 359 3475 salis
387 3412 509 3496 dignum
539 3418 604 3475 erat
630 3413 742 3476 numini
769 3412 869 3476 divino
896 3415 1014 3495 operari
1043 3415 1108 3476 siue
1139 3420 1223 3477 certo
1254 3413 1389 3476 consilio.
1441 3413 1622 3478 Sacrificium
1646 3412 1704 3476 dco
1732 3430 1793 3475 nou
1822 3419 1921 3495 potest
1949 3422 2102 3496 acceptum

199 3549 278 3611 esse,
303 3530 360 3594 nisi
382 3531 422 3610 is,
448 3531 499 3610 qui
521 3549 585 3594 rem
607 3531 734 3594 divinam
755 3531 888 3596 secturus
909 3538 966 3612 est,
988 3534 1054 3612 scit,
1077 3537 1145 3594 uter
1166 3531 1240 3595 deus
1263 3539 1367 3596 auctor
1388 3531 1515 3616 prodigii
1538 3533 1642 3613 luerit,
1664 3539 1733 3596 uter
1753 3531 1913 3614 placandus
1935 3535 1981 3597 sit.
2027 3533 2104 3608 Quid

198 3650 338 3728 restabat,
360 3650 416 3711 nisi
439 3656 480 3732 ut,
504 3667 564 3732 quo
586 3631 758 3713 alterutrum
781 3650 920 3733 placaret,
943 3652 1062 3732 utrique
1076 3651 1200 3714 hostiam
1216 3651 1349 3732 ollerret,
1373 3651 1453 3733 quod
1477 3652 1571 3734 ipsum
1594 3652 1749 3735 pontifices
1771 3652 1816 3715 las
1839 3672 1907 3717 esse
1932 3655 2103 3738 negabant?

1009 3850 1134 3948 illd,
1161 3851 1218 3934 ll.
1242 3852 1295 3935 lo.

283 4000 327 4062 Et
355 4019 425 4081 per
453 4003 627 4064 tortuosi
657 4004 779 4065 amnis
809 4004 920 4067 sinus
955 4005 1170 4086 flexusque
1200 4024 1280 4069 eum
1308 4024 1483 4069 errorem
1506 4007 1671 4069 volvens
1700 4006 1797 4068 haud
1828 4007 1983 4071 multum
2014 4026 2103 4089 pro-

199 4120 396 4183 cessisset
424 4119 497 4156 een
529 4119 592 4183 ubi
621 4121 742 4203 prima
772 4122 837 4185 lux
867 4126 1076 4187 transitum
1109 4130 1369 4206 opportunum
1400 4124 1665 4202 ostendisset,
1695 4125 1954 4189 transiturus.

283 4237 352 4299 Post
367 4239 611 4318 processiset
632 4238 756 4303 verbum
772 4241 911 4323 apodosis
930 4240 1037 4306 deesse
1062 4247 1193 4325 apparet.
1238 4242 1296 4307 Sed
1317 4261 1377 4306 non
1398 4242 1561 4324 adstipulor
1575 4242 1822 4305 Weissenbornio
1845 4243 1969 4307 verbum
1991 4252 2102 4308 motum

198 4356 368 4441 significans
388 4356 538 4421 excidisse
560 4360 731 4441 suspicanti,
757 4359 847 4425 veluti
869 4362 970 4428 une!
991 4360 1034 4427 irc
1056 4358 1157 4444 pergit
1178 4379 1232 4425 seu
1254 4362 1355 4429 luen
1368 4377 1429 4429 non
1450 4360 1582 4438 abstitit
1605 4361 1635 4424 id
1657 4361 1738 4442 quod
1761 4380 1801 4424 cx
1824 4364 1961 4443 sequenti
1978 4364 2102 4444 periodo

197 4475 388 4560 intelligatur.
431 4475 497 4559 Ego
519 4478 644 4541 iterem
666 4480 736 4542 mibi
757 4479 849 4563 lingo.
894 4482 1020 4545 Primum
1035 4479 1199 4544 Hasdrubal
1216 4488 1330 4561 censet,
1352 4482 1486 4561 quamvis
1501 4499 1563 4543 nox
1586 4480 1728 4560 obstaret,
1751 4481 1808 4544 iter
1823 4500 1883 4545 non
1906 4499 1973 4544 esse
1996 4482 2103 4543 remit-

197 4592 319 4657 tendum
342 4603 373 4661 et
394 4598 480 4683 signa
502 4596 575 4661 ierri
592 4598 696 4680 jubet;
726 4601 766 4664 ita
787 4619 878 4683 quum
900 4600 971 4664 nihii
993 4601 1096 4685 prolici
1118 4601 1256 4679 vidisset,
1287 4597 1441 4676 smalto,
1463 4599 1514 4663 ubi
1536 4600 1628 4681 prima
1651 4600 1703 4662 lux
1723 4601 1878 4664 transitum
1902 4606 2101 4681 opportunum

199 4712 389 4795 ostendisset,
409 4717 596 4781 transiturus.
642 4718 701 4782 Sed
724 4727 790 4783 orta
803 4718 871 4785 luce
893 4741 985 4804 quum
1007 4721 1106 4786 denuo
1128 4719 1270 4807 progredi
1292 4719 1452 4802 coepisset,
1478 4726 1510 4786 ut
1531 4728 1729 4804 opportunum
1753 4721 1909 4786 transitum
1931 4727 2100 4802 quaereret,
2172 4763 2177 4771 -

199 4828 369 4915 lnrstraque
391 4836 597 4919 quaesivisset,
620 4834 697 4900 diem
714 4837 840 4904 terendo
853 4841 978 4923 spatium
993 4841 1074 4905 dedit
1096 4841 1133 4905 ed
1153 4839 1370 4921 insequendum
1389 4856 1459 4904 sese
1482 4840 1571 4904 hosti.
1616 4837 1727 4915 Quodsi
1750 4840 1816 4922 quis
1840 4846 1933 4924 putet,
1956 4839 2101 4922 permulta

198 4966 247 5012 ιο
268 4952 500 5036 excogitatisse,
522 4972 599 5037 quae
620 4957 752 5041 se'n’ptor
771 4957 872 5026 dicere
893 4959 1039 5043 debuerit,
1062 4960 1233 5026 consideret
1253 4961 1279 5025 is
1302 4959 1383 5043 quod
1398 4957 1459 5025 cte.
1481 4956 1518 5025 ad
1540 4958 1610 5025 ller.
1624 4959 1648 5041 l,
1669 4958 1700 5025 9.
1726 4957 1776 5024 ld.
1798 4959 1885 5025 dicit:
1908 4978 1986 5025 rem
2012 4958 2101 5024 bre-
