4500 5528
1099 443 1149 530 ir

1051 553 1225 566 ᾖ

984 674 1146 782 iiiiii,
1170 672 1280 758 iti.

260 842 336 914 Sed
364 842 458 926 quid
485 838 595 909 uitro
629 815 769 906 metum
796 815 952 906 inferre
979 837 1089 908 nosti
1115 850 1155 910 et
1174 841 1226 910 uit
1253 856 1296 908 se
1322 845 1475 907 remoto
1503 841 1688 926 periente
1716 842 1832 908 ulium
1866 825 1915 911 in¹
1934 844 2077 916 discri-

175 983 259 1033 men
286 962 488 1030 udducere
519 958 635 1046 quein
663 963 717 1025 sit
741 935 954 1026 ueteribus
984 964 1251 1045 externisque
1279 959 1474 1044 exemplis
1503 960 1715 1027 admonere
1743 981 1840 1047 opus
1869 968 1954 1030 esti

258 1084 304 1152 Eu
332 1082 426 1150 verbe
452 1089 620 1166 sequuntur
653 1081 685 1146 iu
711 1081 932 1147 recentioribus
962 1080 1050 1147 codd.
1079 1083 1171 1148 truse:
1205 1080 1331 1164 majus
1365 1081 1707 1164 pruesentiusque
1745 1087 1962 1168 exemplum
1991 1070 2081 1154 esse

178 1222 288 1291 quum
307 1200 501 1271 Brunibni
518 1201 681 1285 potest?
722 1196 767 1266 iu
786 1200 880 1266 veris
900 1199 950 1265 W.
974 1202 1073 1286 ejecit.
1115 1200 1277 1265 Audiamus
1295 1200 1411 1283 ipsum:
1434 1201 1500 1283 „rie
1521 1200 1721 1284 eutsprechen
1735 1201 1830 1285 jenen
1851 1203 1982 1270 Worten
2004 1204 2081 1293 (re-

169 1327 294 1391 teribus
317 1324 512 1405 externisque
533 1316 706 1405 exemptis)¹
721 1319 804 1384 uicit
826 1336 944 1405 pennu,
973 1321 1034 1385 und
1062 1320 1118 1385 der
1136 1313 1258 1383 iiedner
1278 1318 1392 1383 kounte
1415 1318 1519 1384 diesen
1538 1317 1704 1383 iiedentren
1725 1321 1866 1385 errsttren
1886 1322 2002 1406 lessen,
2031 1345 2082 1390 um

178 1443 325 1510 nunichst
352 1457 407 1508 sus
429 1441 484 1506 der
504 1439 600 1504 Nutur
628 1437 684 1503 der
698 1437 800 1504 Socho
826 1437 867 1502 im
889 1438 1059 1523 Geqensntz
1084 1456 1123 1504 zu
1145 1439 1209 1505 den
1230 1439 1398 1523 Beispieten
1426 1441 1532 1505 seinen
1553 1439 1670 1505 Beweis
1700 1456 1739 1505 zu
1767 1440 1891 1524 mirem,
1921 1445 1953 1524 s.
1975 1443 2081 1529 2-3,

180 1561 260 1628 dunn
281 1560 333 1627 des
345 1535 645 1643 Beispielidunnibuis
666 1557 816 1622 berithsen
838 1559 900 1621 und
921 1557 1015 1622 durch
1037 1557 1172 1624 dusselbe
1194 1558 1333 1646 zugieich
1356 1557 1609 1646 denUeberpnng
1628 1577 1667 1622 zu
1689 1557 1748 1623 den
1769 1577 1829 1624 von
1850 1561 1909 1627 den
1927 1564 2082 1631 italisciren

180 1702 258 1769 genu
279 1681 519 1748 verschiedenen
534 1678 760 1744 Verhdltnissen
780 1680 813 1743 in
827 1678 930 1743 ninia
952 1678 1106 1744 necnon*
1151 1679 1230 1746 Sene
1252 1682 1348 1763 potuit
1369 1681 1500 1762 scriptor
1523 1681 1634 1744 omisso
1657 1679 1826 1745 Hnnmirelis
1847 1685 1985 1766 exempto
2007 1704 2082 1768 per-

180 1822 256 1888 pere
278 1801 316 1867 nd
336 1820 401 1867 rem
422 1818 532 1884 perse
554 1798 830 1880 demonstrandum,
859 1806 964 1882 postes
986 1798 1155 1864 Iiuuuibelu
1177 1801 1346 1884 exemplum
1368 1807 1664 1865 commemoraturus.
1708 1799 1777 1862 Non
1798 1803 1910 1885 potuit,
1938 1805 1964 1868 si
1992 1806 2023 1869 id
2050 1807 2082 1871 in

181 1923 417 2003 animemini,
449 1924 486 1986 nir
515 1923 661 2005 exemptis
682 1919 803 2004 pmletis
832 1920 869 1985 ud
890 1928 1025 1985 usturam
1051 1936 1153 1986 rerum
1182 1917 1391 2001 exponendum
1418 1924 1664 2002 transgressurus
1692 1918 1752 1982 hoo
1780 1918 1899 1984 dicere:
1929 1922 1983 1987 sed
2011 1925 2083 2005 quid

180 2044 260 2107 ultro
287 2050 397 2106 metum
418 2041 530 2105 inferre
553 2041 631 2103 hosti
652 2076 693 2087 -
714 2039 868 2107 trieribus
894 2038 1306 2133 externisqutqexernplis
1340 2037 1550 2101 edmonere
1585 2054 1681 2118 opus
1713 2038 1798 2100 esti
1830 2040 1986 2104 multum
2023 2044 2081 2106 in-

182 2167 321 2225 terest.
365 2161 473 2223 Dicere
494 2160 605 2241 potuit:
637 2158 713 2233 Quid
735 2177 810 2241 opus
834 2165 881 2222 est
901 2156 1045 2240 exemplis
1068 2155 1229 2223 admouere
1250 2158 1375 2239 reliqq.;
1397 2176 1453 2239 per
1475 2175 1509 2221 se
1531 2162 1611 2239 petet
1634 2157 1756 2220 multum
1780 2157 1937 2224 iuteresse.
1982 2162 2014 2226 Si
2034 2179 2082 2230 re·

180 2283 251 2349 im
270 2282 407 2364 exemplu
428 2280 611 2362 ructusque
633 2281 762 2362 scriptor
783 2278 873 2359 dixit,
901 2295 963 2342 non
991 2279 1088 2362 potuit
1113 2294 1175 2341 non
1204 2293 1357 2360 opponere
1387 2276 1443 2339 ein
1471 2274 1625 2359 exemplo,
1652 2293 1729 2357 quue
1759 2279 1819 2340 nec
1846 2269 1951 2343 'veteru
1980 2289 2083 2346 essent

180 2420 238 2466 nec
257 2408 393 2464 externe.
436 2399 503 2464 Jum
518 2399 569 2480 qui
592 2397 622 2462 id
644 2397 778 2481 offendit,
801 2397 883 2479 quod
896 2398 975 2477 huic,
996 2396 1077 2479 quod
1099 2393 1233 2481 adpungit
1254 2395 1433 2478 exemplum,
1456 2395 1536 2460 addit
1556 2395 1696 2460 eitnnute
1717 2391 1814 2475 mulus
1832 2397 2083 2490 praesentiusque

182 2521 241 2584 iilis
261 2536 325 2583 non
350 2519 437 2601 piune
459 2518 626 2598 contrariu,
655 2518 681 2582 is
709 2509 797 2582 nimis
825 2517 960 2601 augustis
984 2487 1093 2580 finibus
1119 2516 1276 2599 scriptoris
1296 2517 1449 2600 ingenium
1475 2517 1722 2580 circumscribere
1741 2515 1869 2579 ridetur.
1913 2515 2083 2584 iiunmieiis

182 2636 353 2721 exemptum
381 2655 443 2703 non
471 2637 567 2702 soium
596 2654 705 2734 recens
734 2643 765 2702 et
793 2638 888 2722 magis
917 2636 955 2702 ud
976 2637 1127 2701 Romanos
1153 2635 1308 2719 pertinens
1334 2634 1498 2699 sedetiam
1520 2634 1681 2700 ururdmum‘
1705 2633 1844 2699 fortunae
1866 2634 2012 2702 humnuee
2033 2637 2083 2704 vi-

183 2756 362 2823 cissitudinis
384 2763 441 2820 est.

266 2876 345 2942 Setis
365 2876 463 2939 hubeo
483 2876 678 2958 exposuisse,
705 2893 759 2939 eur
777 2872 827 2939 iliu
848 2875 942 2938 uerbo
963 2872 1032 2937 huic
1053 2871 1122 2938 loco
1144 2871 1299 2936 retinenda
1323 2874 1394 2936 mihi
1411 2871 1585 2950 videantur3
1608 2890 1683 2970 num
1700 2871 1746 2935 fes
1767 2872 1816 2953 sit,
1839 2873 1931 2936 remu
1952 2876 2002 2938 uel
2024 2890 2083 2963 op-

182 2998 252 3061 time
272 2997 343 3094 ioco
364 2995 574 3060 convenientis
595 2996 655 3060 imo
678 2995 863 3077 necessarie,
886 2994 912 3058 si
934 2993 966 3057 in
984 2992 1205 3058 recentioribus
1226 2996 1340 3056 tuutmn
1365 2988 1452 3055 codd.
1475 2991 1674 3072 inveniuntur,
1692 2991 1837 3072 retinere,
1859 2987 1908 3055 olii
1929 2991 2057 3058 videant.

973 3225 1289 3337 mmmm

269 3403 307 3467 Si
328 3401 414 3471 utin
437 3399 513 3465 ulio
536 3418 595 3481 re,
617 3398 812 3490 modestia
835 3407 946 3465 certe
967 3407 1006 3465 et
1035 3397 1288 3482 temperando
1316 3397 1479 3481 linguae
1507 3395 1749 3461 adolescens
1776 3416 1908 3463 senem
1936 3398 2082 3465 vicero.

265 3522 442 3602 Discrepunt
463 3520 543 3582 inter
566 3537 600 3582 se
629 3518 696 3583 libri
717 3521 755 3584 de
783 3520 914 3586 lectione
942 3520 1007 3597 ulte
1032 3539 1075 3585 re
1103 3526 1153 3582 unt
1179 3518 1273 3586 nullo.
1311 3517 1360 3580 W.
1385 3517 1503 3598 quidem
1527 3517 1710 3581 Gronovium
1739 3524 1860 3582 secutus
1882 3519 1998 3601 recepit
2018 3517 2084 3589 uli!

183 3643 273 3722 idque
302 3643 341 3705 itu
371 3639 521 3720 defendit,
553 3646 585 3702 ut
614 3639 708 3703 dicut:
742 3659 796 3721 „es
825 3641 898 3704 lissi
925 3637 1175 3717 unenischieden,
1209 3637 1247 3700 ob
1277 3655 1312 3699 er
1339 3635 1390 3698 ihn
1417 3635 1493 3698 euch
1523 3637 1554 3698 in
1577 3635 1685 3699 undrer
1706 3635 1879 3719 Beziehung
1899 3637 2085 3702 itbertreiieu

184 3760 304 3840 werde,
327 3760 400 3823 eber
421 3757 469 3821 die
491 3758 683 3842 Miiglichkeit
706 3759 782 3824 drzu
804 3760 885 3824 offen
910 3793 952 3806 -
974 3758 1002 3825 si
1021 3757 1110 3827 nullu
1127 3757 1240 3823 nonme
1269 3756 1345 3819 noch
1375 3755 1441 3818 dem
1464 3755 1564 3837 Tune,
1594 3755 1648 3819 der
1675 3774 1713 3818 un
1742 3756 1797 3819 der
1819 3756 1909 3821 Stelie
1936 3758 2084 3841 herrsoht,

183 3879 350 3961 bedenteu,
372 3878 441 3943 duss
462 3897 497 3949 er
516 3877 676 3961 inspmos
698 3879 805 3946 duaci
824 3880 939 3961 nocht,
965 3878 1017 3942 ihu
1037 3878 1132 3944 sehon
1159 3878 1189 3941 in
1217 3875 1326 3942 eudrer
1347 3874 1519 3960 Bezietrung
1550 3895 1590 3939 zu
1616 3876 1830 3941 iibertreiien.“
1874 3876 1941 3942 Alie
1968 3880 2085 3942 ratione

185 3997 355 4064 Gronovius
376 3997 454 4061 ilium
478 3997 637 4061 lectionem
659 3997 802 4063 defendit.
849 3997 1030 4080 „Sperabaq
1052 3998 1146 4079 inquit
1166 3997 1233 4077 iiie,
1262 3995 1361 4059 multis
1390 3995 1454 4059 eliis
1484 4012 1605 4077 quoque
1633 3994 1683 4059 vel
1711 3997 1809 4078 potius
1836 3997 1972 4060 omnibns
1994 3997 2085 4065 rebus

183 4135 253 4182 sese
273 4123 482 4201 supemturum
503 4115 629 4199 glorium
643 4116 737 4181 Fabii:
761 4124 820 4181 tem
841 4135 940 4181 meres
961 4117 1088 4202 gerebet
1108 4117 1228 4198 spiritus
1250 4116 1350 4198 Scipio
1373 4133 1436 4181 non
1460 4135 1500 4180 er
1522 4115 1631 4179 inuidis
1653 4122 1704 4179 eut
1726 4116 1854 4179 venitote
1875 4114 1929 4181 sed
1950 4137 1991 4182 ex
2012 4136 2085 4184 vere

184 4239 368 4303 conscientie
387 4255 528 4301 verurum
549 4236 605 4301 sibi
626 4237 782 4302 insitarum
801 4238 943 4303 virtutum
967 4245 999 4301 et
1019 4255 1123 4302 eorum
1145 4255 1222 4319 quse
1243 4237 1300 4319 jum
1323 4241 1461 4322 gesserat
1480 4242 1633 4319 respectu:
1656 4234 1686 4298 id
1708 4235 1789 4316 quod
1810 4241 1873 4301 totu
1892 4236 1967 4324 hueu
1987 4236 2084 4303 orutiu

185 4357 299 4422 elamet.
342 4357 426 4440 Ergo
447 4357 473 4420 si
494 4355 573 4422 ulitr
597 4374 665 4419 num
687 4356 810 4420 aiterum
834 4363 881 4421 est
902 4358 997 4441 magis
1021 4356 1208 4438 desperantis
1229 4362 1279 4418 eut
1301 4355 1540 4437 desperationem
1561 4371 1690 4435 praese
1712 4353 1868 4423 serenum

268 4477 377 4544 Mirum
398 4483 460 4558 est,
483 4483 669 4561 quantopere
689 4479 768 4544 iuter
789 4496 825 4543 se
846 4479 985 4543 differunt
1007 4478 1150 4542 Gronouii
1171 4485 1202 4540 et
1224 4475 1462 4540 Weissenbomii
1478 4474 1606 4558 judicie
1634 4475 1684 4538 ilie
1702 4476 1798 4557 dicit,
1825 4475 1910 4542 uultu
1930 4493 1999 4539 esse
2026 4473 2084 4540 de-

182 4599 332 4682 sperantis
355 4603 406 4664 eut
421 4597 660 4680 desperationem
675 4617 746 4681 pree
761 4616 797 4663 se
816 4597 952 4679 terentis,
975 4598 1013 4662 ob
1027 4615 1152 4680 eumque
1167 4614 1286 4661 censam
1308 4599 1463 4678 praeoptet
1484 4593 1562 4674 uiln3
1583 4594 1632 4658 iric
1653 4594 1791 4661 concedit
1810 4593 1896 4662 nudi
1915 4594 2084 4679 significare

184 4732 294 4801 posse,
314 4716 485 4801 Scipionem
502 4717 561 4782 huc
581 4717 640 4783 sibi
660 4735 798 4800 sumere,
819 4724 853 4783 ut
875 4718 964 4782 etium
985 4717 1049 4782 eliis
1073 4715 1164 4782 rebus
1184 4715 1265 4779 ilium
1287 4732 1306 4779 u
1326 4729 1362 4779 se
1382 4714 1463 4778 vinci
1484 4713 1573 4778 dicet.

269 4834 307 4901 Ut
328 4843 483 4919 uppureet,
510 4841 579 4900 utre
601 4837 660 4902 utri
679 4836 770 4902 lectio
792 4835 990 4920 praeferende
1010 4837 1064 4919 sit,
1092 4836 1295 4918 quaerendum
1317 4840 1380 4916 est,
1411 4852 1501 4916 quum
1528 4839 1656 4915 utreque
1683 4833 1742 4896 vim
1763 4832 1887 4917 hubert,
1916 4834 2006 4915 idque
2034 4833 2085 4900 in-

185 4956 339 5040 uenietur,
362 4957 389 5022 si
410 4957 485 5024 dios
505 4956 591 5023 iocos
613 4976 632 5024 ι
653 4957 705 5021 W.
728 4958 849 5041 dietus,
868 4957 901 5026 in
923 4957 1031 5041 quibus
1051 4957 1132 5027 dius
1152 4964 1204 5023 eut
1224 4955 1320 5022 simule
1345 4956 1522 5022 vocabulum
1541 4956 1708 5039 iuvenitur,
1729 4954 1986 5123 perpenderimus.
