4500 5528
1077 439 1121 525 18

1009 549 1180 560 ³——

232 672 431 754 111.31,7.
455 672 485 735 3.
530 673 610 737 Hoc
631 677 816 754 quantum
837 670 1020 751 intersit,
1051 671 1277 749 siunquem
1299 666 1417 748 alias,
1441 665 1588 730 Punico
1610 672 1721 732 certe
1742 667 1922 750 proximo
1943 667 2052 735 bello

148 793 308 878 experti
329 793 430 859 estis
451 793 470 856 1.
492 810 518 857 e.
542 811 611 858 cum
633 792 706 859 alias
727 798 796 856 tum.
812 808 887 859 vero
908 791 1047 855 maxime.
1090 787 1149 858 cio.
1167 788 1250 855 Finu.
1272 784 1325 867 111,
1343 784 1375 853 3.
1400 783 1449 875 10.
1489 783 1586 854 Erat
1604 787 1722 869 enim,
1750 787 1794 877 si
1811 787 2053 876 cujusquam,

148 920 260 979 certe
290 919 395 977 tuum
424 911 524 976 nihil
549 917 713 995 praeter
740 913 930 979 virtutem
957 911 996 973 in
1022 907 1137 975 tronis
1162 905 1310 975 docere
1338 905 1410 971 ie.
1441 903 1669 977 cumtctiocmu.
1682 903 1742 993 sit,
1770 910 1833 971 tucn
1853 905 1903 971 vet
1922 909 2054 976 maxim

144 1039 231 1097 tuum
254 1039 311 1097 est.
356 1032 561 1114 01111114,
590 1031 619 1096 7.
665 1031 705 1099 si
733 1039 886 1114 tempus
912 1036 974 1095 est
1000 1027 1125 1093 ullum
1147 1027 1244 1109 jure¹
1264 1023 1435 1091 hominis
1464 1023 1652 1106 necandi,
1672 1042 1778 1108 ,puae
1805 1024 1926 1092 molta
1947 1033 2052 1110 sunt

148 1157 260 1216 certe
288 1150 388 1214 illud
414 1155 477 1214 est
503 1167 579 1214 non
607 1151 718 1216 modo
742 1151 893 1235 justum
916 1150 937 1213 i.
959 1168 987 1213 e.
1010 1166 1078 1213 cum
1106 1147 1163 1212 alia
1182 1146 1274 1213 multa
1293 1151 1433 1228 tempora
1454 1151 1587 1209 suut-
1608 1151 1672 1209 tuor
1692 1145 1821 1211 nuxime
1837 1147 1953 1235 justum
1972 1154 2030 1215 est.

234 1271 329 1346 Quam
351 1271 389 1334 oh
411 1289 532 1335 causam
554 1273 702 1336 sententia
723 1272 811 1355 hujus
832 1272 909 1351 toci,
930 1271 957 1335 si
977 1266 1190 1351 adelegem,
1212 1282 1274 1359 non
1295 1263 1356 1331 crit.
1373 1262 1433 1329 nisi
1452 1262 1544 1337 haec:
1565 1281 1635 1328 eum
1655 1263 1755 1331 multis
1777 1263 1841 1330 aliis
1862 1265 1967 1348 rebus,
1987 1272 2052 1335 tum

148 1408 224 1454 vero
246 1388 390 1454 modestia
412 1395 445 1454 et
465 1389 659 1472 temperando
680 1390 801 1476 linguae
823 1408 928 1454 senem
948 1389 984 1453 ab
1008 1387 1198 1453 adolescente
1224 1384 1336 1451 victum
1363 1400 1433 1451 csse
1455 1382 1636 1466 judicabitis.
1680 1384 1764 1474 Quae
1791 1387 1956 1466 sententia,
1983 1384 2051 1471 pots

149 1525 212 1581 uon
233 1507 329 1589 videt,
351 1525 440 1589 quam
463 1525 525 1572 non
546 1509 585 1573 sit
606 1509 696 1593 apta?
738 1509 816 1573 Dum
839 1509 919 1572 cnim
939 1507 1104 1572 modestiae
1124 1504 1243 1572 laudem
1264 1503 1320 1570 arii
1341 1504 1460 1586 tribuit,
1481 1503 1583 1587 inepta
1603 1502 1758 1589 gloriatur.
1801 1504 1868 1573 Jam
1888 1522 1979 1588 varo,
1999 1505 2053 1588 qui

150 1624 221 1690 dicit
242 1628 274 1688 si
294 1626 381 1695 11111
402 1627 479 1692 alia
508 1646 551 1691 re
576 1626 773 1693 modestia
798 1633 911 1692 certe
939 1633 977 1691 et
1005 1623 1261 1709 temperando
1289 1623 1451 1709 linguae
1479 1622 1718 1689 adolescens
1744 1641 1876 1689 senem
1902 1624 2051 1707 vicero,

150 1746 289 1810 concedit
310 1747 359 1810 ilie
380 1746 446 1810 fieri
467 1766 568 1831 posse,
590 1756 623 1813 ut
644 1748 724 1813 nnita
747 1748 804 1812 alia
825 1766 859 1812 re
881 1746 1006 1813 alterum
1028 1746 1143 1825 vicerit,
1165 1743 1281 1810 sedita
1303 1741 1459 1822 concedit,
1487 1747 1521 1809 ut
1543 1758 1620 1822 quse
1641 1741 1680 1805 sit
1701 1759 1775 1807 vera
1794 1743 1883 1809 enini
1904 1745 2052 1809 sententia

148 1882 212 1930 non
232 1865 331 1930 lateat.
376 1866 459 1941 Quae
480 1868 507 1930 si
527 1885 602 1932 vera
621 1873 707 1949 sunt,
732 1867 860 1931 dubitari
880 1866 951 1931 mihi
972 1866 1090 1931 videtur
1110 1881 1172 1929 non
1194 1880 1298 1947 posse,
1323 1862 1394 1944 quin
1415 1862 1501 1930 11111
1520 1860 1682 1951 legendum
1703 1861 1752 1926 sit.

961 2064 1076 2162 XXXX,
1101 2064 1154 2150 18.
1179 2064 1233 2149 18.

234 2216 404 2282 Nostros
424 2217 595 2282 iniurias
616 2237 689 2283 nec
710 2222 844 2300 potest
865 2236 936 2282 nec
957 2220 1087 2301 possit
1108 2219 1209 2282 alius
1232 2195 1379 2282 ulcisci
1404 2233 1513 2297 quam
1534 2231 1622 2298 vos,
1650 2223 1787 2298 patres
1814 2219 2049 2301 conscripti.

235 2337 329 2413 Ouum
350 2338 410 2402 vim
430 2339 520 2403 habet
539 2338 640 2420 possit
660 2344 729 2421 post
750 2335 878 2421 potest?
920 2337 971 2403 W.
994 2338 1113 2420 quidem
1134 2338 1263 2421 explicat
1284 2338 1342 2402 sic:
1375 2354 1428 2416 „es
1458 2334 1537 2400 kann
1557 2336 1692 2401 wirlrlich
1714 2336 1820 2401 Xeiocr
1841 2337 1901 2402 und
1922 2357 1957 2402 es
1977 2339 2051 2403 lisst

148 2455 214 2521 sich
232 2455 339 2521 keiner
359 2457 489 2540 denhem
511 2459 565 2522 der
587 2458 717 2536 kdnnte3
745 2459 820 2523 oder
840 2476 874 2523 es
895 2459 1014 2524 miichte
1036 2477 1070 2523 es
1090 2459 1196 2523 treiner
1216 2458 1350 2538 kdunen,
1372 2474 1519 2522 wenner
1540 2457 1641 2523 nolite
1656 2459 1697 2537 (si
1717 2456 1824 2543 velit)“
1848 2458 1961 2524 addens
1982 2479 2049 2523 eam

149 2575 301 2673 indicativi
329 2584 360 2641 et
387 2580 556 2669 potentialis
586 2579 827 2662 conjunctionem
851 2581 998 2644 rariorem
1023 2596 1101 2644 esse.
1150 2578 1213 2645 imo
1240 2595 1367 2659 vereor,
1394 2595 1434 2642 nc
1459 2593 1605 2659 nusquam
1626 2579 1793 2643 inveniatur
1813 2578 1881 2643 tatis
1900 2578 2051 2644 indicativi

150 2701 182 2760 et
203 2697 369 2777 potentialis
392 2698 573 2780 conjunctio,
595 2699 690 2779 quotis
709 2698 856 2763 hocloco
880 2699 929 2762 W.
946 2699 1156 2765 videturesse.
1190 2698 1334 2779 Exempla
1356 2699 1446 2778 enim,
1468 2716 1546 2778 quae
1564 2699 1636 2762 satis
1657 2699 1747 2763 muita
1768 2700 1834 2783 ejus
1856 2699 1944 2766 affert
1965 2715 2048 2781 usus,

135 2813 211 2898 dic.
233 2814 295 2878 lnv.
317 2815 347 2896 1,
370 2814 423 2880 51.
445 2815 498 2880 96.
543 2815 595 2880 0r.
618 2817 655 2897 2,
677 2816 730 2881 83.
752 2816 826 2882 339.
870 2816 984 2899 3,43.
1009 2817 1080 2882 170.
1123 2817 1232 2882 Famm.
1257 2815 1316 2897 13,
1337 2816 1388 2882 29.
1415 2816 1443 2880 1.
1488 2816 1707 2882 secandune.
1733 2817 1852 2881 adPol.
1880 2818 2046 2897 5(2t)2.

151 2930 341 2998 dissimillima
369 2940 453 3015 sunt,
489 2935 598 3018 quippe
626 2935 791 3017 inquibus
820 2953 882 3000 non
910 2935 1044 3021 ejusdem
1072 2936 1156 3003 verbi
1185 2936 1360 3002 indicativus
1390 2941 1421 3001 ct
1451 2937 1658 3020 conjunctivus
1686 2956 1720 3003 se
1749 2945 1922 3019 sequantur.
1971 2938 2048 3014 Ouid

150 3048 267 3135 igitur?
310 3050 524 3135 conjunctivus
548 3059 618 3135 post
638 3052 828 3117 indicativum
849 3072 911 3116 non
932 3055 1017 3118 aliam
1038 3053 1097 3120 vim
1118 3055 1207 3120 hotot
1228 3074 1316 3136 quam
1338 3054 1397 3135 34,
1424 3055 1453 3120 3.
1477 3054 1508 3119 7.
1551 3056 1694 3120 Procul
1722 3058 1835 3121 abest
1863 3058 2048 3139 absitque

150 3185 306 3250 sempor
327 3170 420 3233 talis
441 3169 603 3234 fortuna
625 3171 892 3255 reipublicae,
914 3190 1004 3254 quem
1025 3171 1124 3236 iocum
1145 3173 1195 3237 W.
1217 3173 1306 3237 affert
1327 3190 1442 3258 negans
1465 3173 1599 3258 ejusdcm
1622 3173 1743 3259 generis
1763 3175 1844 3238 iilum
1868 3182 2047 3257 essentque
2071 3225 2075 3233 .

149 3285 237 3351 hunc.
275 3286 387 3354 Sensus
408 3289 487 3352 enim
501 3289 589 3369 hujus
610 3290 670 3355 loci
693 3298 753 3354 est:
777 3310 835 3355 nec
850 3298 950 3373 potest
972 3291 1045 3355 alius
1060 3309 1117 3357 nec
1140 3299 1275 3375 optamus
1296 3299 1329 3356 ut
1351 3294 1425 3357 alius
1439 3295 1543 3376 possit.
1582 3291 1790 3357 crudelissima
1811 3300 1842 3357 ct
1863 3297 2047 3360 atrocissima

150 3425 289 3490 quaeque
312 3427 329 3473 a
351 3408 485 3474 Romano
508 3410 688 3492 imperatore
710 3412 863 3494 perpessi,
891 3412 928 3475 ob
951 3429 1029 3492 quae
1047 3411 1119 3494 jure
1140 3409 1280 3474 Romanis
1302 3417 1534 3491 succenserent,
1563 3419 1661 3475 tamen
1683 3419 1794 3497 negant
1815 3413 2047 3477 misericordiam

149 3546 255 3594 eorum
276 3530 469 3614 implorantes
491 3530 664 3614 cujusquam
685 3531 841 3615 imperium
863 3550 992 3612 unquam
1013 3531 1214 3595 Romanorum
1235 3531 1360 3613 imperio
1382 3537 1620 3614 praeoptaturos.

966 3730 1078 3829 XXXX,
1104 3729 1214 3816 311.

233 3881 422 3947 antando
450 3885 772 3968 stimulandoque
800 3884 1019 3967 pervincit,
1041 3892 1081 3948 ut
1102 3885 1324 3949 exercitum
1345 3881 1390 3947 ad
1411 3880 1516 3948 iinos
1540 3881 1819 3949 Maesuliorum
1841 3882 2046 3949 admoveat

148 4006 269 4083 atque
306 4002 345 4066 in
375 4019 489 4087 agro,
527 4003 573 4067 de
608 4021 683 4085 quo
719 4021 839 4085 saepe
873 4023 954 4069 cnm
990 4003 1082 4069 Gala
1110 4022 1186 4069 non
1221 4003 1356 4068 verbis
1384 4003 1495 4067 modo
1532 4003 1795 4086 disceptatum
1823 4002 1891 4068 sed
1928 4004 2045 4068 etiam

147 4123 265 4188 armis
300 4130 492 4189 certatum
523 4123 673 4205 iuerat,
702 4131 883 4205 tanquam
911 4122 1010 4188 haud
1038 4122 1147 4188 dubii
1175 4123 1278 4186 iuris
1305 4124 1383 4202 sui,
1414 4128 1545 4186 castro
1573 4122 1697 4187 locet:
1727 4122 1760 4185 si
1789 4122 1876 4202 quis
1898 4127 2044 4203 arceat,

145 4242 189 4310 11
212 4242 314 4325 quod
335 4243 497 4308 maxime
519 4261 616 4328 opus
638 4245 706 4325 sit,
737 4243 823 4308 acic
851 4242 1145 4321 dimicaturum;
1167 4242 1229 4306 sin
1250 4260 1319 4325 per
1340 4247 1482 4307 metum
1504 4260 1601 4327 agro
1624 4243 1803 4323 cedatur,
1826 4243 2043 4306 in‘medium

146 4379 309 4445 regnum
337 4358 514 4425 eundum.

231 4482 289 4546 Alii
312 4489 342 4547 ct
363 4483 419 4565 ipsi
441 4481 528 4546 codd.
552 4483 728 4549 auctoritate
750 4483 807 4547 nisi
828 4483 933 4568 tegunt
952 4480 984 4550 to
1014 4479 1115 4564 quod
1143 4481 1308 4544 maxime
1336 4499 1434 4563 opus
1461 4481 1532 4562 sit,
1559 4481 1728 4546 referentes
1750 4481 1809 4562 itti,
1837 4486 1870 4543 ut
1892 4476 1961 4543 dicit
1981 4477 2043 4559 W,

147 4599 420 4666 dimicaturum
448 4618 510 4664 non
538 4602 577 4664 ad
605 4602 771 4686 Syphacem
793 4602 849 4665 sed
878 4601 915 4666 ad
937 4601 1138 4679 Masinissam,
1161 4605 1265 4663 contra
1285 4617 1362 4681 quos
1383 4607 1468 4664 recte
1488 4599 1539 4663 iile
1559 4604 1677 4680 monet,
1706 4617 1796 4683 quum
1818 4595 1983 4661 eundum
2006 4594 2043 4660 ad

147 4719 312 4803 Syphacem
334 4717 525 4785 referendum
547 4721 602 4801 sit,
625 4719 719 4785 videri
740 4713 777 4784 ad
801 4719 928 4785 eundem
949 4720 1102 4801 pertinere
1126 4716 1345 4786 dimicaturum.
1390 4719 1453 4794 Ona
1481 4721 1514 4782 in
1542 4739 1576 4785 rc
1597 4726 1631 4784 ut
1661 4722 1690 4783 ei
1720 4718 1882 4798 assentior,
1911 4719 1952 4781 ita
1980 4732 2042 4779 non

145 4853 268 4921 possum
289 4858 357 4902 cunr
378 4857 416 4903 eo
439 4840 540 4905 iacere
561 4839 596 4907 11
617 4840 719 4921 quod
740 4839 932 4922 praeferenti,
954 4840 1034 4921 quod
1056 4839 1092 4905 ab
1114 4839 1262 4904 hocloco
1284 4841 1411 4905 alienum
1432 4840 1550 4905 videtur
1574 4858 1651 4905 esse.
1696 4838 1812 4904 Etenim
1842 4839 1892 4921 qui
1921 4837 2043 4901 aGro-

145 4959 237 5021 novio
264 4957 429 5023 adcmntor
457 4960 533 5044 loci,
570 4960 677 5042 quitus
703 4959 738 5025 11
766 4960 832 5041 qui
862 4960 1028 5041 invenitur,
1061 4960 1082 5024 ii
1112 4957 1252 5025 videntur
1278 4960 1353 5025 alius
1381 4961 1503 5045 generis
1530 4977 1613 5026 esse:
1643 4979 1670 5024 c.
1692 4956 1752 5040 33,
1782 4959 1811 5022 2.
1862 4953 2041 5021 Interdiu
