4500 5528
1105 427 1151 510 ld

1045 535 1217 545 —-.—-—

175 654 313 719 besoeus.
365 655 449 729 Quae
477 655 552 717 ratio
581 655 607 717 si
640 653 743 719 durior
774 656 908 735 videtur,
943 656 1013 736 quid
1044 657 1158 737 obstat,
1194 657 1353 741 quominus
1388 655 1458 738 81811
1488 663 1557 719 8818
1592 674 1717 737 puerum
1744 665 1879 740 putemus
1909 661 2082 727 excidisse?

177 773 273 849 Quid
301 773 454 838 1881888
484 773 778 858 Hieronymum,
807 773 899 855 quid
929 793 1090 857 puerum
1118 795 1160 839 ac
1189 776 1256 838 vix
1285 775 1569 858 pubescentem
1598 773 1734 840 188888
1765 779 1972 860 potuisse?

992 974 1122 1073 81111,
1147 975 1199 1060 13.
1224 975 1258 1058 t.

262 1125 409 1190 Omitto
440 1145 500 1207 ea,
530 1127 671 1207 quibus
699 1128 872 1212 gloriari
901 1130 1090 1210 potestis:
1123 1129 1235 1192 cuius
1264 1135 1303 1192 ct
1337 1129 1467 1210 ipsius
1503 1129 1652 1210 pudere
1690 1148 1733 1193 ac
1769 1132 1977 1212 poenitere
2013 1153 2082 1198 vos

178 1251 355 1327 oportet,
384 1245 567 1309 roleram.

261 1365 400 1449 hlagnam
422 1366 492 1430 mihi
513 1366 656 1430 exhibent
684 1365 885 1430 difficultatem
915 1368 1008 1431 verba
1035 1369 1066 1432 81
1096 1363 1200 1446 11881188.
1244 1365 1291 1427 Fr.
1317 1365 1486 1428 Gronovius
1515 1366 1588 1428 satis
1619 1365 1730 1429 babens
1759 1367 1917 1432 lectionem
1948 1371 2084 1434 codicum

95 1486 98 1492 ’
178 1485 353 1547 auctoritate
382 1483 552 1549 defendisse
579 1486 616 1549 de
646 1486 792 1549 sententia
821 1486 891 1566 quid
916 1485 1065 1568 judicaret
1094 1502 1154 1547 888
1184 1484 1325 1548 ostendit.
1368 1484 1630 1548 Drakenborchius
1659 1490 1757 1548 autem
1787 1486 1884 1568 adjicit
1912 1488 1998 1572 111888
2027 1509 2083 1572 pro

177 1599 287 1682 11181888,
323 1603 482 1667 dummodo
510 1600 777 1686 manuscriptorum
806 1606 982 1668 auctoritate
1012 1605 1198 1683 firmaretur,
1227 1604 1322 1687 magis
1350 1604 1406 1667 sibi
1435 1605 1563 1686 placere.
1617 1604 1699 1678 Quae
1725 1604 1773 1666 W.
1805 1605 1902 1669 locum
1933 1603 2085 1690 explicans

179 1720 280 1782 allent:
311 1722 377 1800 ,ich
399 1722 459 1783 will
480 1722 671 1805 iibergehen‚
695 1722 731 1785 da
752 1723 798 1786 ihr
819 1725 923 1787 diescu
945 1724 1040 1786 Ruhm
1062 1723 1201 1787 88818888
1225 1723 1309 1803 habt,
1339 1723 1478 1806 dagegeu
1501 1723 1560 1784 will
1582 1723 1630 1784 ich
1652 1730 1746 1786 etwas
1769 1726 1945 1807 88881888,
1976 1729 2085 1793 dessen

178 1840 224 1903 118
245 1840 322 1902 8881
344 1858 381 1903 88
403 1840 467 1902 8181
489 1813 655 1905 1818881181
677 1842 737 1905 und
759 1845 810 1905 mit
833 1843 891 1906 den
912 1843 1057 1906 fritheren
1078 1843 1190 1905 Thalen
1213 1841 1405 1925 verglichen‚
1434 1841 1598 1925 gleichlalls
1624 1843 1682 1904 wic
1706 1844 1760 1906 der
1782 1843 1925 1928 beutigen
1949 1846 2086 1909 Schlacbt

178 1957 317 2021 schitmen
340 1966 448 2039 8811881,
471 1960 523 2022 das
545 1961 617 2024 8188
639 1961 716 2024 doch
737 1963 872 2044 wenigcr
894 1960 1076 2043 schimpllich
1097 1963 1135 2023 ist
1157 1963 1297 2025 8188888
1319 1961 1458 2041 Flucht“‚
1481 1980 1517 2024 ca
1540 1961 1688 2024 88811888
1711 1981 1757 2025 888
1779 1980 1839 2025 888
1869 1965 1964 2046 magis
1994 1966 2085 2028 intel-

178 2078 272 2162 ligere
295 2097 383 2159 quam
404 2081 558 2161 scriptoris
581 2081 682 2144 verba.
728 2082 805 2156 Ouid
829 2082 933 2145 881881
977 2082 1007 2146 Si
1029 2081 1186 2145 Marcellus
1209 2080 1280 2143 dicit
1301 2080 1418 2143 8818888
1439 2098 1473 2143 88
1494 2080 1590 2160 velle,
1613 2083 1698 2164 cujus
1727 2083 1758 2146 81
1786 2080 1882 2162 1188188
1909 2084 2022 2164 pudere
2049 2104 2085 2147 ac

179 2199 334 2280 poenitere
362 2198 468 2261 milites
499 2205 651 2280 oporteat,
682 2200 757 2263 duae
785 2200 895 2264 dehent
923 2219 974 2264 res
1003 2220 1087 2280 esse,
1116 2218 1241 2280 quarum
1268 2216 1322 2262 ecs
1352 2199 1465 2280 pudere
1495 2218 1530 2262 88
1558 2201 1714 2281 poenitere
1744 2206 1889 2281 oporteat.
1935 2201 1994 2265 Sed
2024 2220 2084 2286 ego

179 2316 296 2396 quidem
320 2335 380 2379 888
402 2318 491 2381 video
512 2319 568 2380 nisi
589 2337 686 2398 unam,
710 2319 790 2399 quod
813 2326 898 2404 terga
920 2325 1075 2383 verterunt
1098 2318 1195 2398 hosti,
1218 2336 1307 2399 quem
1328 2320 1485 2399 superiore
1507 2323 1620 2381 aestate
1650 2335 1740 2399 saepe
1768 2318 1867 2380 lusum
1889 2317 2084 2402 fugatumque

179 2436 273 2517 pridie
302 2454 359 2498 nec
387 2437 444 2498 iter
474 2435 574 2499 lacere
597 2454 653 2499 888
676 2438 896 2500 castrametari
920 2439 999 2518 passi
1022 2444 1132 2500 essent.
1177 2438 1271 2512 Quam
1293 2437 1493 2502 difficultatem
1515 2439 1571 2500 nisi
1594 2440 1660 2519 quis
1682 2438 1794 2518 solvat,
1822 2439 1914 2500 verba
1935 2440 1966 2504 ct
1988 2438 2084 2521 1118188

179 2555 369 2636 exstirpanda
392 2573 459 2619 esse
483 2573 611 2635 888888,
635 2557 749 2619 etiamsi
772 2573 833 2618 888
855 2572 976 2637 possum
999 2555 1113 2636 dicere,
1137 2558 1288 2637 quomodo
1310 2559 1419 2622 lactum
1442 2560 1496 2640 sit,
1519 2564 1557 2633 ut
1574 2559 1845 2640 interponerentur.

988 2761 1131 2867 8888,
1154 2759 1206 2842 aa.
1231 2757 1277 2840 8.

265 2910 317 2973 Ν8
347 2916 475 2972 tamen
506 2908 702 2991 lugientIs
730 2910 841 2974 modo
871 2913 1127 2975 convertisse
1157 2929 1292 2993 agmen
1320 2912 1545 2992 videretur,
1575 2929 1649 2992 quo
1678 2910 1956 2977 888811188881
1984 2912 2083 2993 1888,

182 3031 353 3110 quinque
382 3029 504 3092 millia
533 3028 656 3093 188888
685 3029 727 3092 81
757 3031 854 3093 8818
882 3033 1016 3112 posuit
1042 3037 1182 3094 castra.

264 3149 540 3216 (18881118888111.
563 3152 789 3233 interpretatur:
812 3152 878 3214 Η811
900 3151 1038 3236 gemacht
1059 3152 1155 3230 hatte,
1175 3167 1225 3211 um
1248 3149 1436 3212 ausznruben
1458 3148 1570 3211 addens
1592 3148 1691 3212 solere
1711 3148 1833 3232 adJungi
1855 3149 1954 3229 slsttt,
1977 3165 2085 3230 agmen

180 3275 211 3331 et
232 3270 312 3350 quod
334 3273 399 3353 ejus
422 3269 501 3332 modi
524 3271 672 3352 objectum
695 3271 753 3334 hoc
780 3271 848 3334 1888
872 3271 1006 3351 deesset,
1036 3272 1177 3351 assequi
1206 3269 1430 3350 suspicarentur
1458 3269 1643 3336 88881118881
1671 3269 1861 3332 scribendum
1890 3288 1969 3334 esso.
2013 3271 2085 3334 llihi

180 3388 297 3470 quidem
324 3389 413 3452 lectio
443 3391 562 3473 integra
588 3390 642 3452 sed
671 3392 767 3453 minus
795 3397 877 3453 recte
906 3390 1056 3454 intellecta
1084 3390 1201 3452 videtur
1230 3408 1308 3452 esse.
1354 3389 1400 3453 Ad
1428 3389 1632 3457 888811188881
1658 3409 1699 3452 ex
1727 3390 1779 3469 iis,
1809 3407 1886 3470 quac
1907 3396 2083 3470 sequuntur,

179 3508 374 3588 supplendum
396 3515 443 3571 est
464 3509 571 3575 888188
592 3523 713 3589 pollere.
757 3509 900 3571 Hannibal
922 3529 988 3573 cum
1014 3510 1223 3588 comperisset,
1246 3509 1424 3589 Tarentum,
1447 3509 1528 3589 quod
1549 3515 1581 3571 ut
1604 3528 1621 3571 a
1642 3509 1782 3572 Romanis
1805 3508 1997 3586 detenderet,
2019 3508 2083 3571 dies

180 3635 344 3708 noctesque
367 3629 476 3690 cursim
498 3645 605 3711 agmen
628 3636 750 3712 egerat,
773 3635 891 3710 captum
913 3646 999 3708 esse,
1032 3635 1189 3692 tamenne
1211 3629 1353 3711 fugientis
1376 3627 1465 3691 modo
1488 3630 1674 3692 convertisse
1696 3648 1804 3713 agmen
1826 3629 1995 3708 videretur,
2023 3645 2084 3708 (188

181 3747 375 3808 constituerat
393 3745 462 3808 loco
486 3752 582 3810 castra
604 3764 735 3828 1888888,
759 3755 916 3828 antequam
938 3748 1150 3828 comperisset,
1183 3748 1287 3812 urbem
1306 3755 1421 3829 captam
1443 3765 1528 3827 esse,
1560 3749 1692 3828 quinque
1722 3746 1809 3809 millia
1831 3746 1926 3809 lermc
1950 3746 1987 3809 ab
2009 3746 2085 3809 urbe

179 3865 278 3944 posuit
300 3871 405 3928 castra.

984 4069 1125 4175 8888,
1149 4066 1202 4150 u.
1227 4067 1273 4150 88.

264 4216 375 4281 Scire
399 4219 499 4280 cuim
522 4235 564 4280 88
586 4219 823 4303 transfugae
852 4237 990 4283 nomen
1020 4220 1274 4284 exsecrabile
1303 4218 1512 4282 veteribus
1542 4217 1685 4298 sociis,
1714 4218 1829 4279 novis
1858 4223 2085 4299 suspectum

178 4354 267 4400 esse
290 4355 415 4417 neque
437 4355 517 4398 cum
540 4356 581 4400 se
608 4338 906 4420 reprehendere
934 4357 1077 4403 morem
1106 4340 1317 4420 bominum,
1346 4340 1379 4400 si
1407 4336 1481 4402 ltttt
1510 4354 1657 4417 auceps
1687 4335 1814 4399 odium
1844 4354 1978 4415 causa,
2008 4353 2084 4398 non

178 4473 315 4518 nomen
346 4454 474 4518 188181.

261 4575 418 4639 Librorum
440 4575 528 4640 lectio
551 4596 642 4658 quum
664 4579 801 4655 8111881,
823 4576 876 4642 W.
896 4577 959 4644 tttttt
981 4580 1172 4661 conjunctum
1195 4597 1263 4641 cum
1284 4590 1399 4660 88888188
1421 4582 1512 4661 negat
1534 4575 1607 4638 terri
1628 4590 1728 4655 posse.
1773 4574 1835 4648 088
1858 4574 1888 4635 18
1917 4591 1952 4636 88
1980 4574 2008 4637 81
2032 4591 2084 4640 88-

178 4694 302 4756 8881188.
346 4695 444 4758 blinds
466 4695 536 4758 mihi
558 4697 718 4778 probatur,
747 4695 828 4777 quod
851 4696 1056 4777 reponendum
1078 4716 1145 4762 8888
1168 4699 1284 4762 8888811
1308 4695 1390 4776 1888,
1422 4699 1623 4778 interpretans
1652 4693 1679 4759 81
1704 4691 1784 4772 luc
1814 4710 1904 4754 88888
1931 4691 2082 4759 8818111181.

179 4813 273 4888 Quam
296 4829 401 4878 eorum
422 4813 583 4879 verborum
605 4816 664 4878 vim
688 4823 722 4884 ut
744 4815 869 4898 pretet,
890 4834 967 4897 (1888
989 4816 1076 4881 811881
1095 4817 1198 4897 18888,
1228 4818 1247 4879 11
1269 4814 1339 4878 mihi
1363 4816 1404 4879 ita
1426 4815 1588 4897 comparati
1610 4812 1765 4891 videntur,
1793 4817 1826 4874 ut
1848 4812 1929 4892 quod
1950 4811 2084 4908 proban-

180 4931 248 4994 dum
279 4934 390 4996 estiis
418 4951 480 4999 non
509 4933 659 5017 probetur.
709 4933 918 5001 Examinemus
947 4952 1017 4999 ecs:
1047 4935 1107 5023 3⁹,
1135 4937 1186 5002 25.
1215 4933 1246 5002 t.
1278 4934 1381 5020 quod
1408 4953 1451 5000 ea
1481 4933 1622 5017 oppida
1651 4933 1684 4995 si
1707 4932 1784 5017 jam
1815 4931 2083 4996 redderentur
