4500 5528
179 692 319 768 aperto
346 686 511 766 itinere,
539 690 580 749 ιιι
608 684 674 765 qui
702 682 833 767 signis
859 681 1024 760 collatio
1050 683 1312 763 dimidiaturus
1342 692 1469 767 esset,
1498 689 1619 751 movit
1648 695 1791 751 castra.
1836 689 1873 769 ⁷,
1906 691 1953 754 14.
1976 693 2006 754 6.
2037 701 2077 758 ιιι

177 806 242 887 qui
277 805 401 888 magis
432 803 729 888 arianimirum,
754 800 910 891 viribup
947 800 1079 893 ipptus
1104 802 1159 897 aad
1192 806 1714 890 certamendesoenderet,
1750 813 1876 874 omnia
1911 813 2078 879 circum-

175 925 345 1008 spicere.
389 925 517 1006 duppe.
533 923 686 994 iil'sniocis
700 921 874 1002 domitta
900 921 1097 1002 <pneumam
1123 923 1185 999 itte.
1201 930 1305 1005 aperto
1330 925 1445 1005 itinere
1459 932 1557 992 eastra
1577 928 1720 1007 moverit,
1748 928 1797 992 hic
1824 931 1921 995 omnia
1943 933 2075 1000 circum-

175 1045 293 1126 spicere
315 1045 465 1126 coeperit,
495 1043 553 1106 boc
574 1058 651 1122 non,
680 1059 734 1106 cur
755 1041 820 1104 acie
843 1040 1033 1104 dimicaturus
1059 1040 1098 1103 sit
1119 1039 1255 1124 Syphax,
1284 1043 1339 1106 sed
1359 1037 1578 1126 urrumnoda,
1607 1048 1633 1109 si
1661 1047 1859 1130 dimicaverit,
1880 1050 1910 1113 id
1931 1052 1962 1115 in
1982 1053 2075 1134 ipsius

175 1163 239 1229 rani
260 1163 391 1229 tatarum
413 1161 492 1229 esse.
523 1161 740 1248 jbimicaturus
754 1161 915 1264 enimnon
938 1159 1037 1244 potest
1050 1160 1238 1242 “dici,'1uuod
1259 1160 1290 1226 id
1307 1164 1438 1228 maurae
1458 1178 1535 1246 opus
1555 1166 1608 1246 sit,
1631 1166 1686 1230 sed
1708 1167 1921 1249 quod'cedere
1942 1172 2016 1236 nuiit
2036 1134 2075 1238 eo

176 1303 266 1373 agro,
288 1280 368 1355 unde
391 1269 466 1372 aiter
488 1302 557 1348 eum
579 1282 691 1365 petiere
713 1280 878 1346 conabitur.
1022 1281 1024 1284 ’
1103 1286 1106 1291 ’
1134 1262 1135 1267 ¹
1283 1288 1286 1293 “
2056 1290 2065 1309 '

843 1576 845 1581 ,
985 1483 1266 1595 numan·

258 1671 364 1753 lpse,
394 1684 469 1752 qua
496 1669 744 1750 intenderat,
774 1671 882 1734 inter
913 1667 1038 1732 media
1066 1668 1146 1731 tata
1175 1668 1346 1734 bostium
1374 1672 1513 1735 evasit.

261 1791 357 1865 Quum
378 1806 440 1853 non
462 1789 491 1853 id
513 1787 670 1853 dicendum
689 1788 796 1870 inerit,
818 1805 854 1853 ea
874 1789 923 1851 via
944 1787 1077 1851 eveniam
1099 1806 1177 1870 eum,
1206 1795 1266 1871 qna
1283 1789 1462 1873 intenderat,
1483 1791 1538 1856 sed
1559 1795 1733 1874 pervenisse
1755 1808 1792 1862 eo
1814 1812 1874 1876 quo
1895 1796 2074 1882 intenderat,

176 1911 364 1976 scribendum
388 1925 501 1973 censeo
521 1923 590 1990 quo.

990 2119 1106 2221 xxix,
1130 2119 1188 2207 td.
1213 2120 1242 2208 i.

256 2296 397 2362 Eodem
426 2296 550 2377 forte,
580 2311 655 2377 quo
686 2294 782 2358 baec
802 2302 917 2378 gesta
945 2293 1045 2356 sunt
1065 2295 1145 2375 die,
1175 2311 1312 2376 naves,
1342 2307 1440 2376 quac
1468 2298 1652 2379 praedam
1682 2300 1721 2363 in
1743 2298 1919 2364 Siciliam
1949 2319 2073 2366 vexe-

174 2425 281 2499 rant,
310 2436 391 2481 oum
412 2422 628 2482 commeatu
655 2413 834 2493 rediere,
861 2410 972 2476 velut
999 2413 1195 2478 ominatae
1222 2415 1471 2498 adpraedam
1499 2417 1665 2481 aiteram
1695 2418 1953 2499 repetandam
1982 2434 2073 2489 soso

173 2536 343 2627 ventsse
1124 2542 1128 2548 '

201 2712 203 2716 .
256 2633 351 2723 biiror
379 2673 484 2721 omnes
515 2656 693 2737 interpretes
721 2653 839 2718 silentio
866 2653 1021 2749 transiisse
1048 2652 1140 2722 verba
1166 2651 1249 2728 tciui
1268 2651 1422 2720 uuinton
1445 2658 1476 2719 et
1503 2670 1582 2735 quae
1603 2672 1689 2736 seqq.
1739 2656 1823 2731 Quae
1849 2656 1876 2720 si
1905 2660 2073 2726 accuratius

173 2778 358 2859 inspexeris,
385 2795 522 2860 magnam
551 2773 751 2838 difficultatem
777 2770 887 2837 afferre
914 2771 1104 2839 videbuntur.
1154 2774 1220 2858 Dici
1246 2775 1326 2838 euim
1354 2757 1473 2838 videtur
1501 2775 1652 2857 punisse:
1681 2780 1742 2838 tam
1763 2777 1871 2840 mirum
1884 2756 1968 2859 erat,
1990 2750 2072 2859 quud

172 2899 239 2963 iliae
270 2915 361 2962 naves
393 2916 431 2960 eo
461 2899 527 2978 ipso
557 2896 605 2959 die
633 2894 803 2973 redierunt,
833 2909 893 2973 quo
922 2908 1001 2957 nova
1027 2891 1138 2974 praede
1155 2893 1344 2975 imponenda
1371 2900 1453 2975 erat,
1483 2899 1517 2959 ut
1545 2901 1666 2976 putares
1691 2912 1746 2959 eas
1765 2896 1847 2959 velut
1869 2871 2073 2980 ominatasad

171 3019 291 3084 aiteram
312 3019 452 3101 praedam
472 3002 665 3100 repetendam
691 3032 763 3080 sese
783 3020 925 3078 venturas
951 3029 1020 3077 esse
1049 3010 1185 3090 rediisse,
1211 3014 1277 3075 sive
1294 3011 1443 3076 'bremusr
1472 3010 1700 3093 redierunt,
1726 3013 1837 3077 vetut
1863 3015 2072 3099 ominatae,

171 3136 215 3202 ad
243 3139 408 3202 aiteram
437 3134 617 3218 praedam
649 3132 911 3217 repetendam.
954 3131 1066 3196 'i'arnen
1087 3131 1180 3197 verba
1201 3148 1291 3195 sese
1320 3134 1483 3197 venisse
1505 3150 1567 3196 non
1588 3132 1755 3198 deberent
1776 3137 1877 3218 spuria
1898 3132 2073 3218 deteri,'ax

170 3259 228 3322 alio
249 3258 318 3321 loco
331 3240 455 3321 Liviana
478 3261 608 3338 apparet,
631 3255 661 3316 in
684 3270 745 3335 quo
766 3251 871 3316 eadem
895 3254 1078 3317 constructio
1099 3253 1265 3316 invenitur:
1288 3251 1384 3335 XXX,
1406 3252 1457 3318 32.
1482 3253 1513 3320 9.
1537 3257 1760 3338 ominatur,
1783 3257 1926 3338 quibus
1949 3272 2073 3340 quou-

170 3376 249 3441 dam
280 3376 474 3458 auspiciis
502 3382 638 3457 patres
667 3390 800 3437 eorum
821 3370 865 3435 ad
890 3348 1062 3466 deputes
1091 3364 1361 3456 pugnaverint
1389 3372 1559 3457 insulas,
1590 3395 1634 3440 ea
1656 3376 1741 3441 iliis
1763 3377 2006 3443 exeuntibus
2033 3380 2072 3442 in

170 3499 292 3562 aciem
313 3494 573 3578 portendisse
594 3490 698 3556 deos.
743 3491 803 3559 Sed
825 3497 857 3554 ut
879 3489 1080 3564 difficultatem
1103 3493 1220 3572 notavi,
1242 3493 1281 3556 ita
1304 3511 1370 3557 earn
1393 3494 1513 3558 solvere
1535 3512 1596 3559 nou
1618 3513 1758 3578 passuum
1780 3496 1838 3560 nisi
1856 3495 1910 3559 ini.
1932 3496 2009 3580 peri·
2031 3498 2073 3563 ita

169 3614 409 3698 interpretandus
442 3613 559 3676 videtur
586 3612 636 3675 iiio
668 3611 753 3674 ioco:
783 3629 875 3674 naves
909 3608 1063 3675 redierunt
1095 3610 1177 3673 vetut
1206 3611 1352 3675 ominatae
1379 3611 1446 3676 iore
1473 3618 1506 3675 ut
1532 3615 1687 3677 venisseut
1715 3613 1755 3677 ad
1782 3613 1904 3678 aiteram
1930 3615 2072 3696 praedant

169 3734 360 3816 repetendam
382 3735 402 3798 i.
425 3751 452 3796 c.
477 3733 528 3795 ubi
551 3732 642 3795 altera
666 3730 776 3812 praeda
797 3730 961 3811 repetenda
982 3736 1081 3809 esset3
1110 3729 1186 3793 boc:
1217 3732 1383 3813 ominatur,
1412 3734 1592 3798 exeuntibus
1621 3734 1653 3796 in
1675 3734 1770 3797 aciem
1790 3733 1857 3798 iore
1879 3740 1912 3798 ut
1933 3734 1974 3799 dii
1996 3753 2073 3818 pur-

170 3854 342 3921 teudissent.
384 3852 475 3930 ,Quod
496 3852 523 3916 si
545 3869 650 3916 verum
671 3857 727 3934 est,
749 3849 988 3955 titifflnissfiib
1011 3850 1086 3931 peri.
1108 3852 1155 3916 his
1177 3852 1252 3919 ineis
1274 3852 1355 3917 iuiin.
1378 3851 1433 3918 iut.
1456 3855 1555 3919 exacti
1576 3856 1643 3919 vice
1665 3850 1760 3940 burgi.

994 4067 1096 4169 m,
1121 4068 1173 4154 ii.
1199 4069 1234 4154 2

253 4244 444 4318 Quantum
478 4241 646 4322 quisque
682 4239 889 4321 plurimum
925 4245 1103 4324 poterat,
1139 4242 1405 4330 magnitudini
1432 4243 1642 4328 Syphacis,
1671 4243 1795 4309 ianuae
1825 4245 1959 4331 gentis
1988 4244 2071 4310 vie-

167 4365 308 4428 turiam
336 4381 441 4426 suam
470 4361 654 4447 augendo
686 4359 863 4424 addebat.
1091 4364 1093 4369 '

249 4481 300 4547 W.
324 4483 454 4547 afferens
474 4483 510 4547 'ut
530 4458 654 4546 similem
674 4478 776 4545 iocum
796 4479 849 4561 24,
871 4478 923 4544 32.
946 4482 966 4544 b
988 4479 1060 4547 dicit
1079 4482 1221 4562 ageldo
1242 4481 1281 4546 de
1302 4487 1413 4546 conatu
1426 4480 1537 4547 dietum
1558 4497 1636 4548 esse.
1679 4480 1713 4547 id
1734 4483 1805 4548 mibi
1834 4484 1931 4548 minus
1951 4484 2070 4549 metam

169 4604 296 4668 ridetur.
340 4601 408 4666 Dici
429 4601 507 4664 enim
528 4603 639 4682 potuit:
668 4598 846 4664 addendo
875 4606 1059 4680 quantum
1088 4602 1255 4681 quisque
1283 4599 1489 4682 plurimum
1516 4606 1677 4683 poterat
1705 4600 1969 4685 magnitudini
2000 4600 2070 4686 Sy-

165 4723 320 4806 phacis,
342 4722 467 4787 famae
490 4724 623 4811 gentis
653 4720 864 4784 victoriam
885 4738 989 4784 suarn
1019 4721 1205 4804 augebat,
1235 4736 1296 4783 non
1318 4719 1437 4784 videtur
1457 4719 1515 4784 diei
1540 4721 1675 4802 potuisse
1695 4720 1852 4800 mado,
1874 4721 1901 4785 si
1922 4721 2069 4786 ablativus

166 4850 225 4923 est,
249 4834 425 4908 addebat.
467 4836 539 4906 lanu
556 4857 631 4907 aero
650 4839 793 4920 augendo
814 4839 930 4905 datvm
944 4844 1000 4904 cst
1017 4839 1035 4906 ‘a
1052 4858 1079 4903 e.
1103 4839 1141 4905 ad
1155 4832 1335 4924 augendum,
1357 4843 1539 4926 ataugeret
1559 4839 1598 4906 ci.
1613 4838 1694 4921 xxi,
1715 4836 1766 4907 52.
1783 4839 1815 4906 8.
1838 4839 1888 4905 rei
1907 4858 1948 4905 ex
1968 4845 2066 4905 antec.

167 4961 424 5040 c.§.18data
454 4960 595 5024 dextra
625 4959 865 5043 obligandae
894 4957 1002 5024 fidei.
