4500 5528
1096 419 1143 509 hi

1034 527 1206 537 ι--ι--ι

165 650 271 724 viter
299 667 464 715 narrare
496 650 836 733 poterimus,
874 650 908 713 si
934 649 1068 717 exitus
1102 667 1232 735 rerum
1260 648 1556 738 italponeuuus,
1591 654 1632 714 ut
1660 657 1750 716 ante
1786 669 1941 731 quoque
1970 671 2072 733 quae

164 768 269 831 faeta
298 775 388 830 sunt
417 769 517 831 sciri
544 769 718 850 possint,
748 767 905 831 tametsi
937 765 1333 852 uoshreticueriuuus.

987 964 1114 1062 luth.
1140 964 1252 1053 ott

250 1119 353 1183 Nero
381 1139 423 1183 ea
453 1126 588 1200 nocte,
625 1125 884 1202 quaesecuta
913 1124 973 1181 est
1002 1137 1184 1203 pugnarn,
1222 1121 1414 1183 citatiore
1446 1138 1554 1203 quarn
1595 1120 1685 1185 inde
1721 1129 1888 1185 venerat
1916 1125 2067 1207 agmine

168 1237 228 1302 die
257 1245 374 1302 sexto
410 1239 455 1302 ad
484 1240 631 1303 stativa
660 1257 727 1302 sua
757 1245 874 1320 atque
903 1237 1056 1301 hostem
1084 1239 1279 1319 pervenit.

248 1359 330 1421 llaec
352 1358 493 1439 periodus
515 1358 665 1439 quomodo
681 1356 867 1439 expedienda
888 1357 939 1437 sit,
962 1374 1023 1420 non
1040 1357 1137 1437 video,
1160 1373 1441 1443 quamquamtnenuo
1457 1356 1552 1419 adhuc
1568 1356 1701 1420 offendit.
1739 1358 1814 1422 Vide
1836 1359 1941 1424 ruodo:
1965 1361 2070 1423 Nero

166 1480 353 1562 pervenit
374 1479 441 1542 die
472 1484 587 1543 sexto
615 1477 658 1541 ad
686 1477 833 1541 stativa
862 1477 1052 1540 citatiore
1081 1476 1234 1561 agmine
1263 1494 1373 1557 quam
1402 1475 1492 1538 indo
1521 1483 1704 1552 venerot;
1727 1476 1801 1540 haec
1823 1479 1933 1559 optime
1955 1499 1988 1543 se
2010 1480 2068 1543 hn-

165 1599 252 1675 hent;
275 1598 328 1661 sed
350 1597 421 1679 quid
436 1597 604 1659 faciundum
625 1597 748 1678 reliquis
769 1596 883 1658 verhis:
907 1614 949 1658 ea
971 1603 1105 1676 nocte,
1128 1615 1226 1677 quae
1254 1603 1391 1659 secuta
1420 1601 1479 1657 est
1510 1595 1698 1681 pugnauit
1742 1596 1809 1660 Non
1826 1598 1938 1679 dubito,
1955 1582 2070 1663 etiarnsi

166 1720 196 1780 in
219 1718 299 1781 nullo
322 1716 426 1780 codice
446 1717 624 1796 inveniatur,
648 1715 797 1779 excidisse
821 1714 1025 1796 ,profectus.“
1437 1711 1441 1719 '

983 1913 1125 2010 llllll,
1150 1913 1203 1996 ld.
1228 1912 1263 1995 5.

249 2070 338 2133 Nam
363 2089 481 2151 super
503 2077 638 2132 cetera
660 2069 864 2149 elephanti
885 2070 1000 2132 etiam
1024 2101 1059 2115 -·
1088 2086 1106 2129 e
1128 2067 1315 2129 cornibus
1336 2068 1374 2128 in
1397 2065 1557 2129 mediam
1579 2067 1701 2130 aciem
1722 2085 1812 2130 sese
1834 2067 2067 2132 intulerant.

249 2189 368 2252 Nexum
392 2191 604 2252 sententiarum
627 2189 723 2251 miuus
747 2187 857 2250 clarum
880 2206 949 2250 esse
971 2187 1073 2250 dicens
1088 2185 1137 2248 W.
1153 2185 1267 2247 Livium
1285 2181 1350 2262 latu
1372 2184 1420 2247 vel
1441 2185 1504 2251 tutu
1525 2187 1682 2268 scripsisse
1705 2188 1885 2268 suspicatur:
1910 2189 1990 2266 ,Der
2004 2189 2069 2252 Ge-

166 2308 536 2392 danhenzusauunenhaug
570 2310 609 2370 ist
643 2307 724 2369 nicht
752 2306 833 2381 hlar;
869 2324 959 2369 wenn
987 2306 1087 2368 Livius
1116 2304 1197 2366 nicht
1225 2311 1302 2366 etwa
1327 2302 1392 2381 lam
1421 2305 1495 2368 oder
1522 2306 1585 2371 ium
1614 2305 1811 2396 geschriehen
1841 2306 1904 2384 hat,
1941 2309 1979 2369 ist
2010 2326 2067 2369 an-

166 2427 350 2506 zunehrnen‚
381 2427 449 2489 dass
477 2425 632 2489 entwedcr
654 2426 708 2488 der
734 2444 772 2487 zu
797 2423 1013 2507 tegrundende
1036 2423 1177 2486 Gedauhe
1199 2423 1287 2486 fehlt:
1317 2424 1417 2487 indoss
1441 2424 1516 2488 auch
1540 2425 1571 2487 in
1593 2425 1693 2488 dieser
1714 2425 1848 2507 Stellung
1869 2425 2002 2488 honuton
2024 2429 2069 2490 sie

165 2547 247 2609 nicht
268 2546 396 2625 hleihen,
419 2547 498 2609 deno
520 2566 548 2609 u.
571 2564 595 2608 s.
622 2566 672 2626 w,
696 2545 769 2608 oder
792 2545 859 2607 dass
881 2544 933 2607 das
955 2543 1013 2606 deu
1028 2542 1173 2625 litichzug
1194 2541 1425 2605 vernulassende
1446 2542 1579 2607 hloruent
1601 2543 1643 2607 als
1666 2543 1719 2607 das
1740 2543 1914 2626 wichtigerc
1935 2545 1994 2609 wie
2016 2545 2067 2625 26,

167 2668 196 2729 5.
219 2668 249 2729 5.
273 2683 579 2749 vorweggenouumcn
605 2665 665 2727 uod
695 2664 737 2727 als
760 2663 977 2747 selbstiindiger
1006 2662 1074 2726 Satn
1102 2662 1260 2725 hehandelt
1281 2663 1336 2742 ist,
1367 2663 1402 2726 da
1430 2681 1497 2726 man
1524 2671 1602 2727 etwa
1629 2663 1791 2748 folgenden
1813 2665 2070 2748 Zusarumeuhang

167 2791 322 2847 erwartet:
353 2791 443 2865 atque
464 2785 554 2863 fessi,
584 2803 652 2847 curn
678 2783 826 2865 elephanti
848 2784 935 2845 etiarn
956 2817 998 2828 -
1021 2799 1089 2844 sese
1111 2782 1294 2862 intulissent,
1320 2816 1357 2829 -
1381 2784 1513 2847 retulere
1535 2785 1670 2866 pederu.“
1716 2785 1787 2849 hlihi
1809 2802 1871 2847 non
1893 2786 2009 2848 videtur
2031 2785 2068 2849 ad

167 2904 233 2966 talia
262 2922 331 2967 esse
361 2902 617 2982 descendendum,
646 2920 696 2964 res
718 2902 803 2982 plana
827 2922 861 2964 ao
883 2902 1009 2981 simplex
1031 2901 1157 2964 uidetur.
1203 2901 1250 2963 lld
1274 2901 1385 2963 mertias
1408 2903 1489 2964 acies
1511 2903 1661 2984 aliquanto
1683 2903 1779 2967 serius
1802 2906 1938 2985 mevenit
1958 2922 2067 2986 pugna.

165 3023 239 3084 Nam
262 3023 299 3086 ad
320 3043 355 3086 ea
378 3041 455 3104 quae
470 3021 569 3104 Scipio
592 3021 756 3103 prudenter
776 3021 958 3100 instituerat,
980 3039 1029 3100 ne,
1053 3018 1133 3100 quod
1154 3019 1247 3082 rohur
1269 3019 1435 3085 Poenorum
1458 3023 1610 3086 exercitus
1632 3028 1710 3103 erat,
1735 3040 1865 3105 pugnam
1886 3030 2068 3104 capesseret,

166 3147 304 3222 untquom
335 3159 447 3204 cornua
476 3141 605 3204 hostium
635 3140 751 3203 devicta
777 3145 894 3218 essent,
923 3139 954 3202 id
980 3157 1101 3220 quoque
1130 3138 1273 3216 accessit,
1303 3139 1384 3217 quod
1413 3139 1491 3203 forte
1517 3140 1637 3205 fortuna
1660 3141 1808 3223 elephanti
1835 3161 1852 3204 e
1875 3143 2015 3206 cornibus
2037 3145 2068 3209 in

165 3260 289 3323 medinm
312 3261 405 3323 aciem
427 3279 496 3323 sese
517 3259 686 3338 intulerant,
708 3265 741 3322 ut
763 3276 800 3321 eo
823 3257 910 3321 etiarn
931 3255 1028 3323 ninus
1050 3276 1116 3320 curn
1137 3256 1277 3320 Romanis
1300 3258 1444 3341 congredi
1465 3266 1598 3340 possent.

955 3461 1110 3566 nnn,
1134 3459 1186 3542 n.
1212 3459 1264 3544 ro.

247 3612 392 3675 Etiam
428 3611 703 3675 conflixerant
738 3629 904 3693 cornua,
949 3631 1046 3694 curu,
1082 3613 1183 3694 quod
1216 3615 1378 3677 roboris
1413 3615 1451 3676 in
1488 3616 1573 3679 acie
1601 3617 1773 3680 hostiurn
1810 3623 1911 3695 erat,
1947 3617 2068 3681 Poeni

163 3733 347 3795 veterani
372 3730 539 3813 Afrique
562 3732 728 3796 nondum
756 3733 800 3796 ad
821 3732 892 3795 teli
920 3734 1142 3798 coniectum
1172 3736 1394 3815 venissent,
1418 3753 1545 3816 neque
1574 3737 1612 3798 in
1641 3756 1806 3817 cornua,
1841 3745 1881 3801 ut
1908 3737 2068 3802 adiuva-

163 3858 251 3915 rent
279 3859 519 3936 pugnantes,
556 3851 767 3917 discedere
801 3853 1012 3934 audcrent,
1049 3872 1094 3917 ne
1129 3853 1336 3935 aperirent
1370 3853 1531 3918 mediam
1567 3856 1688 3920 aoieur
1718 3856 1899 3921 venienti
1928 3876 1975 3920 ex
2004 3857 2068 3921 ad-

163 3989 281 4035 verso
309 3971 424 4035 hosti.

248 4091 313 4154 lloc
327 4091 395 4154 loco
409 4089 501 4152 verba
522 4105 560 4157 nc
582 4089 737 4173 upcrlreut
751 4089 999 4153 Weissenbornio
1015 4089 1174 4154 offensioni
1189 4098 1268 4171 sunt,
1290 4092 1417 4172 primurn
1439 4091 1519 4173 quod
1541 4111 1557 4154 a
1564 4095 1737 4175 perirent
1758 4096 1789 4157 iu
1812 4094 1916 4158 codiee
1939 4095 2067 4175 optimae

164 4217 251 4274 notae
273 4210 367 4291 desit,
397 4209 504 4274 deiude
525 4210 606 4291 quod
630 4210 722 4274 altera
745 4209 907 4274 enuntiatio
931 4209 1118 4274 desideretur
1140 4229 1156 4274 a
1178 4224 1274 4290 noque
1296 4211 1451 4293 incipiens.
1497 4211 1584 4286 Quod
1606 4212 1761 4295 mulcent
1782 4215 1813 4278 iu
1836 4215 1955 4295 optimis
1977 4210 2065 4277 codd.

163 4328 257 4408 deest,
281 4331 375 4393 critici
390 4328 518 4407 videant,
542 4326 613 4408 quid
635 4326 805 4391 faciundum
828 4329 875 4392 sit.
913 4327 1065 4392 Sententia
1084 4346 1159 4392 vero
1179 4328 1296 4392 illorum
1319 4329 1479 4393 verborum
1493 4329 1558 4392 talia
1579 4338 1637 4411 est,
1659 4338 1692 4395 ut
1714 4333 1800 4414 plane
1817 4333 1890 4398 nihil
1911 4329 2066 4395 offendere

162 4449 318 4530 possimus.
357 4447 423 4510 lloc
437 4449 516 4511 enim
537 4448 608 4512 dicit
628 4448 774 4529 scriptor:
797 4466 888 4531 quum
903 4465 1016 4511 coruua
1031 4449 1094 4531 iam
1117 4446 1335 4529 conflixissent,
1356 4448 1453 4511 modia
1473 4449 1553 4512 acies
1574 4449 1667 4514 Poeni
1690 4453 1824 4516 veterani
1838 4450 1963 4530 Afrique
1984 4466 2066 4512 uon-

109 4619 113 4628 .
163 4567 232 4629 dum
254 4566 292 4642 ad
313 4566 364 4629 teli
380 4565 549 4649 conjecturo
563 4572 718 4647 venerant,
740 4585 840 4649 neque
855 4573 964 4648 umen,
986 4585 1025 4631 ae
1039 4567 1190 4649 aperirent
1203 4566 1328 4633 median
1344 4568 1438 4632 oeieru
1451 4570 1583 4633 venienti
1595 4589 1636 4633 ox
1650 4570 1779 4638 aduuso
1799 4570 1888 4650 hosti,
1910 4567 2069 4634 discedere

163 4683 327 4762 audehant;
354 4686 447 4770 igitur
469 4684 515 4766 id,
537 4686 619 4771 quod
640 4685 760 4750 roboris
780 4687 813 4751 in
833 4685 1024 4753 Hasdrubalis
1046 4687 1182 4751 exercito
1203 4692 1279 4767 erat,
1299 4686 1397 4751 stahat
1425 4705 1555 4774 pugnarn
1577 4707 1639 4753 noa
1661 4706 1832 4774 capesseus.
1877 4687 1965 4763 Quod
1986 4688 2066 4753 idern

162 4804 302 4888 Polybius
323 4802 393 4870 dicit
413 4823 469 4888 eo,
491 4823 581 4887 qttom
601 4804 652 4871 W.
675 4805 763 4873 affert
782 4805 869 4872 loco:
900 4802 979 4898 oiu'u
1001 4801 1245 4891 παραβοῃθεῖν
1266 4795 1444 4893 p’fiuirmo
1473 4809 1541 4882 tois
1561 4804 1615 4875 lxi
1636 4805 1710 4873 auia
1729 4800 1887 4891 κεράτων
1910 4802 2069 4880 λιπόντες.

162 4920 227 4989 τὸν
246 4914 325 4991 idea
344 4919 459 4994 τόπον
479 4915 537 4989 διὰ
554 4919 619 5019 sg'u
639 4921 712 4990 τῶν
732 4920 887 5016 Ἰβήρων
901 4916 1033 5016 ἔφοδον
1053 4926 1117 4999 io.
1142 4925 1299 4994 droedere
1319 4926 1352 4992 in
1373 4944 1486 4994 cornua
1508 4945 1569 4994 uon
1583 4927 1741 5011 audebant,
1762 4946 1802 4993 uo
1823 4927 1974 5011 aperirent
1996 4943 2065 4991 ute-
