4500 5528
1049 488 1222 506 ..ιω-

185 615 281 685 Albae
304 615 616 702 longae-consederat
636 634 675 682 co
698 617 839 699 oonsilio,
866 622 900 684 ut
921 634 940 681 a
958 615 1100 682 Romanis
1123 613 1307 680 descisceret
1327 632 1493 698 agrumque
1511 614 1694 697 campanum
1715 616 1805 683 arrnt'n
1827 620 2000 698 occuparet.
2035 612 2098 679 111-

186 738 255 803 lites
276 737 355 801 inter
382 755 417 801 se
444 736 670 820 consultabant,
696 755 785 818 quem
814 735 923 801 ducem
947 735 1113 820 eligerent,
1141 733 1213 799 nulli
1241 752 1282 796 ex
1307 733 1359 814 iis,
1390 733 1455 814 qui,
1468 728 1608 815 aderant,
1636 735 1709 801 satis
1735 733 1880 817 lideotes,
1909 734 1977 816 quis
1998 739 2098 797 autem

186 853 283 919 lloma
303 853 393 918 acciri
414 861 528 938 posset,
550 856 730 922 nescientes.
775 855 840 920 Jam
861 854 910 920 illa
930 854 1024 920 verba
1044 857 1210 934 sequuntur
1234 870 1312 933 quae
1339 852 1497 917 attulimus.
1540 853 1574 916 ln
1597 853 1705 936 quibas
1726 853 1845 936 quidam
1865 855 2045 934 interpretes
2067 851 2098 916 id

189 973 389 1055 offenderunt,
412 975 492 1057 quod
508 977 661 1040 exercitus
683 975 834 1040 diceretur
855 995 895 1041 ax
916 975 1023 1059 injuria
1044 972 1204 1039 insaniens.
1242 970 1381 1035 llulrerus
1404 988 1486 1051 ,non
1499 970 1644 1056 intelligo,
1664 973 1770 1055 inquit,
1793 973 1969 1037 sententiam
1991 972 2098 1034 horum

188 1093 360 1156 verborum.
402 1092 1072 1177 11010100101000010011000100-,0010000
1094 1097 1283 1174 acceperunt.
1306 1123 1347 1136 -
1369 1089 1409 1153 At
1429 1089 1475 1156 tris
1497 1091 1605 1174 injuria
1623 1091 1820 1174 0011010010,
1841 1111 1947 1157 aarum
1968 1092 2004 1156 ab
2026 1091 2099 1173 ipsis

192 1215 259 1275 orta
282 1217 356 1275 erat.
400 1211 478 1276 Nisi*
493 1213 559 1293 quis
589 1213 649 1278 hoc
676 1215 717 1277 ita
746 1212 949 1296 accipiendum
978 1218 1079 1295 putet,
1110 1216 1144 1274 ut
1170 1209 1271 1272 Livius
1300 1208 1448 1294 significet
1473 1210 1529 1274 hos
1559 1229 1600 1276 cx
1621 1229 1659 1277 eo
1681 1231 1796 1296 genere
1817 1210 1927 1291 101000,
1957 1212 2009 1292 qui
2030 1230 2098 1280 cum

192 1329 329 1412 injuriam
355 1329 419 1393 aliis
445 1331 589 1411 fecerint,
618 1331 708 1412 idque
737 1332 862 1416 intelligi
889 1331 1010 1395 videant
1029 1330 1101 1413 ipsi,
1129 1331 1213 1410 quasi
1241 1329 1349 1412 injuria
1382 1337 1504 1412 accepta
1533 1330 1753 1412 expostulant.“
1799 1329 1849 1396 Sic
1874 1329 2022 1395 Dukerus.
2064 1330 2099 1393 ln

193 1448 319 1514 eandem
340 1452 519 1514 sententiam
540 1448 672 1515 discedit
685 1450 889 1516 Alschefskius
916 1451 992 1515 lraec
1013 1450 1132 1514 dicens:
1156 1447 1255 1529 ·,Cum
1286 1447 1323 1512 da
1345 1467 1382 1513 sc
1411 1449 1467 1529 ipsi
1490 1449 1597 1515 milites
1619 1468 1733 1533 suaque
1764 1449 1935 1515 conditione
1951 1448 2097 1532 judicent,

192 1572 278 1637 recte
299 1567 357 1632 dici
379 1573 478 1650 potest
507 1571 679 1650 ,exercitus
701 1589 741 1635 ex
760 1570 868 1653 injuria
893 1569 1067 1632 insanientis
1089 1568 1215 1647 causa“;
1245 1584 1354 1650 magna
1375 1568 1455 1631 enim
1483 1568 1590 1650 injuria
1615 1569 1673 1632 sibi
1693 1567 1870 1633 videbantur
1899 1567 2013 1649 allecti,
2041 1585 2099 1631 nec
2158 1616 2161 1624 .

185 1687 259 1752 ·sinc
280 1689 421 1771 graviore
445 1705 535 1750 causa
557 1708 574 1751 a
595 1687 746 1770 republica
768 1688 949 1767 secessisse,
973 1689 1023 1768 qui
1044 1687 1093 1750 alii
1117 1706 1156 1750 ex
1179 1687 1241 1749 aliis
1264 1686 1361 1750 causis
1384 1692 1523 1766 tanquam
1550 1687 1632 1770 impii
1659 1689 1741 1751 cives
1768 1688 1804 1751 ab
1825 1688 1963 1751 exercitu
1984 1685 2100 1748 0001001

194 1807 385 1887 quaestiones
406 1806 609 1888 suppliciaque
631 1809 748 1890 passuri
759 1806 883 1871 Romam
904 1806 1123 1869 mitterentur“.
1167 1805 1278 1869 lamen
1293 1805 1343 1868 W.
1364 1806 1457 1869 rerba
1473 1806 1647 1871 obscuriora
1668 1825 1738 1871 esse
1760 1813 1874 1887 censet,
1896 1805 1978 1887 quod
1998 1805 2100 1867 Livius

192 1941 340 2005 nusquam
367 1926 745 1990 commemoraverit-illos·
761 1927 868 1989 milites
895 1925 1003 2007 injuria
1032 1924 1156 1988 allectos
1184 1941 1262 1987 esse.
1305 1922 1346 1987 At
1367 1942 1468 1988 nonne
1487 1924 1589 1989 Livius
1611 1926 1683 1989 satis
1705 1925 1784 1988 clare
1807 1925 1961 2004 indicavit,
1992 1925 2100 2005 quihus

193 2043 309 2127 injmiis
330 2043 372 2105 illi
392 2042 492 2106 allecti
513 2043 569 2107 sibi
590 2045 647 2107 visi
666 2051 771 2108 essent
792 2051 955 2125 querentes
977 2060 1031 2107 eos
1053 2042 1165 2106 iaciens
1187 2061 1213 2104 c.
1237 2041 1282 2105 38
1302 2043 1332 2121 §-
1352 2041 1388 2105 ἵε
1419 2061 1462 2105 an
1491 2062 1654 2124 aequum
1683 2061 1774 2108 esse
1801 2051 1831 2108 et
1853 2062 1884 2124 q.
1906 2043 2018 2123 seqq?
2061 2040 2101 2104 At

194 2160 281 2226 01101·
300 2166 393 2224 000101
422 2161 544 2244 dignum
572 2161 654 2243 quod
679 2164 782 2244 paucis
808 2163 907 2227 verbis
937 2163 1112 2244 explicetur.
1155 2161 1273 2224 Etenim
1299 2179 1361 2224 non
1389 2169 1511 2244 apparet
1538 2163 1633 2244 primo
1662 2163 1783 2242 obtutu,
1813 2161 1884 2242 quid
1906 2164 2028 2225 attineat
2057 2161 2101 2226 ln·

193 2277 914 2358 0101001001011010010000001100010001000
936 2281 1047 2344 dicere.
1091 2279 1194 2342 Utrum
1216 2281 1366 2342 exercitus
1389 2282 1515 2344 insaniat
1537 2299 1594 2344 nec
1616 2299 1669 2361 ne,
1698 2282 1818 2344 minime
1839 2281 1991 2362 pertinere
2013 2280 2101 2344 vide·

194 2402 245 2460 tur
265 2396 304 2460 ad
325 2396 431 2460 ducem
452 2397 710 2481 eligendum-cui
737 2401 803 2482 ejus
825 2405 1020 2463 0000000010
1043 2399 1249 2462 committatur.
1293 2397 1404 2462 'lamen
1425 2400 1472 2463 illa
1494 2401 1601 2480 verba,
1631 2402 1658 2463 si
1678 2419 1742 2463 rem
1767 2402 1934 2464 accuratius
1959 2401 2101 2462 conside-

194 2513 326 2594 raveris,
354 2531 416 2576 non
442 2515 622 2581 videbuntur
650 2519 753 2580 otiosa.
806 2517 974 2599 Desperant
1002 2518 1081 2580 enim
1110 2534 1286 2596 quemquam
1316 2534 1407 2597 posse
1429 2520 1572 2597 inventri,
1603 2520 1654 2598 qui
1683 2520 1799 2598 sciens,
1827 2525 1938 2598 quanto
1968 2517 2100 2599 periculo

196 2649 266 2695 sese
289 2632 462 2715 objecturus
483 2641 565 2698 esset
587 2654 675 2698 causa
703 2638 855 2700 exercitus
876 2635 1079 2717 suscipienda,
1108 2654 1174 2698 eam
1195 2643 1389 2717 suscepturus
1418 2643 1515 2717 00001,
1546 2644 1595 2701 001
1618 2639 1664 2700 cui
1671 2685 1680 2718 ,
1710 2639 1736 2700 si
1764 2637 1830 2716 quis
1859 2655 1925 2700 eam
1947 2638 2101 2717 suscipere

196 2751 302 2832 veHet,
332 2770 369 2815 00
392 2754 533 2816 committi
555 2760 667 2835 posset.
712 2754 766 2817 Cui
787 2756 866 2817 enim
887 2761 970 2818 rcctc
993 2754 1051 2817 nisi
1071 2755 1176 2818 iisdem
1195 2752 1310 2837 iny‘uriis
1333 2756 1441 2819 allecto
1464 2776 1588 2838 eantque
1612 2757 1650 2818 ob
1674 2775 1792 2820 causam
1814 2763 1845 2819 et
1866 2756 1922 2836 ipsi
1943 2757 2100 2820 insanienti

195 2871 370 2936 insanientis
393 2873 545 2937 exercitus
567 2892 686 2938 cartsam
707 2873 851 2938 committi
870 2874 987 2956 posse?

1020 3072 1134 3170 mn,
1160 3005 1281 3157 000.

282 3221 380 3297 0011
408 3222 508 3286 enim
537 3243 605 3288 sua
633 3230 776 3306 sponte
803 3225 954 3292 iecisse
977 3226 1252 3308 Hieronymum
1281 3246 1457 3310 puerum,
1486 3247 1528 3290 ac
1557 3227 1712 3290 vixdum
1742 3227 2024 3308 pubescentem
2046 3227 2101 3290 10-

196 3358 288 3406 0000
318 3341 526 3423 potuisse?

280 3460 428 3540 Fuerunt,
456 3461 507 3540 qui
529 3456 641 3526 1001000
669 3460 893 3543 exstirpandum
920 3479 989 3525 0000
1013 3471 1182 3530 censerent.
1226 3465 1347 3528 Fabrius
1370 3471 1485 3544 001000,
1515 3483 1691 3546 quamquam
1719 3482 1755 3526 ea
1778 3482 1853 3527 voce
1876 3466 1983 3527 omissa
2006 3465 2101 3526 oratio

195 3577 302 3643 melius
323 3579 490 3662 procedere
511 3578 681 3661 videretur,
708 3588 808 3645 tamen
837 3589 941 3646 contra
971 3584 1101 3646 omnium
1131 3583 1265 3647 codicum
1287 3585 1493 3647 auctoritatem
1523 3602 1588 3646 eam
1616 3601 1721 3646 vocem
1755 3582 1848 3645 deleri
1878 3582 1988 3645 debere
2011 3589 2102 3665 negat

195 3713 326 3778 eumque
354 3699 453 3762 locum
483 3699 528 3762 sic
554 3701 698 3782 explicat:
731 3707 842 3785 ,negat
868 3721 922 3767 000
951 3710 1058 3785 sponte
1087 3701 1196 3765 iecisse
1227 3702 1385 3781 quidquam
1407 3702 1620 3783 Hieronymum
1641 3719 1767 3781 puerum
1795 3708 1884 3782 atquc
1909 3702 2014 3781 ctiam,
2045 3720 2102 3783 qua

194 3815 301 3879 aetatis
322 3816 521 3882 imbeciHitate
543 3817 646 3900 luerit,
669 3839 708 3883 ne
729 3822 863 3901 potuisse
885 3822 1004 3902 quidem
1025 3820 1158 3884 facere.“
1204 3819 1321 3902 Optima
1351 3839 1423 3885 sane
1451 3840 1486 3883 00
1516 3821 1662 3883 000100110
1685 3827 1748 3901 001,
1776 3827 1806 3883 01
1827 3839 1888 3883 000
1910 3819 2028 3883 0110100
2050 3821 2101 3882 in-

195 3950 265 3998 esse
285 3933 361 3997 tivit
382 3935 494 3999 verbis.
537 3937 601 4000 Nec
623 3939 703 4001 enim
724 3957 790 4001 eam
811 3941 871 4001 vim
893 3940 985 4002 verha
1007 3952 1046 4006 00
1067 3939 1184 4006 01110111
1207 3941 1421 4023 pubescentem
1451 3941 1562 4004 labere
1584 3940 1722 4003 videntur
1750 3958 1840 4021 posse
1870 3959 1958 4020 quam
1980 3940 2102 4002 Habrius

195 4053 297 4114 statuit
317 4053 533 4135 interpretans,
556 4068 617 4136 qua
637 4051 734 4123 ruerit
754 4057 869 4124 nettils
891 4056 1107 4126 lmltanllitie.
1151 4060 1319 4125 Pubesccre
1341 4064 1421 4125 enim
1444 4063 1495 4143 qui
1516 4061 1623 4124 dicitur
1644 4079 1735 4142 puer,
1764 4063 1789 4123 is
1819 4060 1935 4123 accedit
1956 4060 1993 4123 ad
2017 4066 2102 4123 ncta-

190 4175 258 4234 ·tem
279 4170 508 4255 adolescentuli,
530 4174 556 4239 is
577 4193 672 4257 prope
696 4178 827 4240 excessit
848 4177 978 4258 pucriles
1001 4196 1105 4241 annos.
1150 4179 1226 4254 0011
1247 4181 1362 4262 igitur?
1406 4181 1551 4243 Videntur
1582 4180 1673 4243 verba
1704 4178 1789 4242 aliter
1818 4197 1853 4240 ac
1874 4180 1974 4242 solent
1995 4179 2103 4242 distin-

196 4288 325 4373 guenda.
369 4289 437 4354 Non
460 4292 570 4357 debent
590 4297 733 4377 separari,
757 4302 790 4360 ut
811 4297 990 4377 interpretes
1012 4299 1167 4382 lecerunt,
1194 4318 1354 4382 puerum
1384 4321 1425 4365 ac
1454 4270 2102 4381 010100000100000010000010000-

196 4414 276 4472 mate
297 4408 477 4491 transposito
500 4413 709 4496 conjungenda
730 4421 800 4478 sunt
821 4417 850 4478 in
873 4416 952 4480 lrunc
973 4418 1109 4482 modum:
1132 4418 1224 4499 quid
1253 4415 1354 4483 enim
1376 4439 1445 4484 sua
1467 4427 1610 4503 sponte
1638 4418 1790 4482 1001000
1812 4418 2100 4499 Hieronymum,

198 4525 306 4593 101010
335 4529 544 4613 conjungenda
572 4538 642 4595 sunt
662 4551 822 4614 puerum
849 4555 891 4599 ac
920 4536 1076 4600 vixdum
1105 4539 1390 4619 pubescentem
1420 4539 1556 4604 facere
1585 4539 1778 4620 potuisse.
1826 4537 1987 4614 Utriusque
2016 4535 2101 4598 verbi

190 4647 364 4729 ‘subjectum
386 4653 432 4713 est
451 4647 746 4733 Hierony-mum,
774 4655 822 4717 cui
852 4655 884 4718 in
911 4655 1006 4718 altero
1036 4656 1169 4720 membro
1196 4658 1313 4725 additur
1343 4660 1537 4740 appositionis
1566 4659 1651 4738 loco,
1681 4675 1842 4738 puerum
1872 4673 1914 4716 ac
1943 4652 2100 4717 vixdum

197 4769 492 4851 pubescentem.
536 4769 674 4836 Gradatio
702 4772 811 4857 igitur,
839 4790 926 4856 quam
952 4781 1036 4839 recta
1057 4774 1108 4840 W.
1130 4777 1272 4859 requirit,
1302 4780 1470 4842 continetur
1498 4778 1591 4844 verbo
1621 4773 1767 4860 pothsc.
1809 4774 1908 4860 Negat
1934 4773 2025 4859 igitur
2046 4790 2100 4836 sua

197 4892 306 4969 sponte
327 4885 487 4969 quidquam
509 4889 619 4957 1001000
638 4889 852 4976 Hieronymum
874 4927 914 4942 -
935 4912 975 4958 ne
996 4896 1180 4976 potuisse
1203 4894 1322 4978 quidem
1344 4895 1462 4980 lacere,
1490 4897 1600 4979 quippe
1627 4897 1677 4978 qui
1700 4913 1774 4980 puer
1796 4900 1877 4959 essct
1903 4912 1939 4958 00
1967 4893 2019 4956 vix
2040 4909 2100 4973 pu-
