4500 5528
1070 404 1240 544 „t”-

205 680 274 731 esse
294 662 462 746 apparebit,
485 661 570 740 quia,
596 660 759 740 postquam
774 656 982 741 praerogativa
1008 653 1183 740 omagium
1204 653 1332 736 iuicrc,
1348 662 1425 719 non
1434 640 1591 720 munao
1602 640 1655 738 Ὠς
1656 654 1735 738 ndi
1741 655 1788 722 ib
1808 668 1862 722 ιε
1870 659 1968 727 brai!
1991 641 2105 742 oscena

203 782 379 848 renuntiari
389 784 527 862 poterant
546 777 666 841 tribuni
709 774 865 840 Debebunt
885 776 982 856 enim,
1007 775 1178 857 priusquam
1203 757 1375 837 muuudhdi
1400 765 1541 856 posc'eut,
1566 773 1672 839 ctiam
1677 776 1800 841 betatuti
1813 762 1996 861 ιιιιιιὶιὶει,
2024 782 2109 863 quaa¹

200 905 272 987 jure
292 896 494 976 rombanrur,
516 895 692 980 suffragium
711 894 800 962 taire.
842 894 926 970 Quae
947 896 1038 975 uuum
1057 895 1099 958 itu
1119 893 1194 974 siat,
1216 890 1333 975 dubito,
1354 902 1431 958 uum
1447 895 1578 978 scriptor
1595 894 1668 961 mne
1693 886 2027 980 mmmm
2053 879 2107 962 Μ·

204 1021 243 1085 dc
271 1018 416 1102 suffragio
442 1014 669 1099 praerogativae
704 1015 887 1078 mentionem
915 1012 1004 1094 tecit,
1042 1014 1183 1077 conduco
1212 1015 1515 1096 pergerepotuerlt,
1548 1014 1734 1098 primorem
1741 997 2106 1083 retronea-'draciac-

203 1139 307 1220 ltamre
329 1134 495 1201 addendum
516 1131 634 1198 videtur
653 1131 747 1197 nusae
774 1131 959 1196 tribubus
982 1134 1073 1214 jure
1103 1130 1269 1211 vocatis,
1287 1129 1450 1195 dummodo
1470 1140 1526 1214 ue,
1544 1131 1578 1196 id
1598 1128 1680 1214 qdod
1701 1132 1753 1197 W.
1773 1133 1866 1217 lacit,
1881 1140 1954 1200 dum
1968 1135 2105 1218 ianne

205 1263 372 1340 sequuntur
392 1253 447 1318 sed
470 1259 616 1316 commate
630 1257 727 1334 'poet
747 1252 840 1316 verba
858 1252 951 1334 jure
971 1251 1125 1314 vocatia
1145 1250 1331 1315 tribubus
1351 1252 1547 1334 mansposlto,
1570 1270 1644 1317 cum·
1659 1253 1696 1317 ils
1717 1270 1794 1336 quae
1813 1240 2105 1337 mmoeuuattc'crra'

200 1381 367 1462 jungantur
385 1391 443 1465 uec
464 1373 652 1457 categorico,
672 1376 707 1435 ut
727 1371 768 1434 ita
790 1371 902 1450 dicam,
923 1387 1015 1435 sensu
1037 1370 1090 1434 sed
1110 1368 1304 1452 hypothetico
1319 1353 1535 1455 intelligentam
1579 1358 1680 1448 Quod
1696 1374 1751 1454 qui·
1775 1391 1794 1438 ι
1821 1374 1955 1439 centnma
1975 1390 2103 1458 praero-

205 1495 305 1581 gativa
327 1493 420 1557 creati
441 1497 560 1570 carent,
589 1504 766 1571 quamquam
787 1494 908 1553 ceterae
930 1491 1082 1554 centuriae
1098 1491 1168 1572 jure
1188 1494 1315 1553 vocatae
1336 1488 1415 1553 illius
1440 1490 1615 1575 sulimglum
1634 1492 1721 1572 sequi
1742 1492 1891 1574 mlebunt,
1921 1498 2020 1558 mmcd
2041 1484 2104 1558 non

206 1614 349 1678 continuo
370 1611 540 1676 renunciari
562 1613 716 1692 poterunt,
738 1609 868 1689 scriptor
890 1614 1028 1688 tanquam
1050 1624 1120 1670 sese
1138 1608 1203 1689 ipse
1228 1606 1390 1672 emendans
1410 1606 1489 1674 addit
1519 1609 1609 1692 jure
1634 1611 1791 1676 vocaris
1821 1610 2006 1677 tribubus
2030 1614 2050 1677 i.
2070 1631 2099 1678 e.

206 1733 287 1816 quod
308 1732 421 1796 scilicet
441 1729 507 1793 lieri
528 1745 590 1791 non
611 1732 745 1810 poterat,
768 1728 825 1791 nisi
847 1729 958 1791 ceteris
976 1728 1117 1792 centuriis
1133 1727 1203 1809 jure
1225 1728 1349 1792 vocatia.

1054 1926 1096 2025 V,
1127 1927 1186 2013 tt
1211 1928 1247 2008 b.

291 2085 476 2151 Camillus
512 2082 707 2163 captivum
740 2078 910 2147 ludicen
945 2099 993 2144 ex
1028 2083 1137 2166 agris
1170 2088 1334 2145 secutus
1369 2080 1501 2145 ducem
1532 2112 1572 2128 -·
1606 2083 1888 2163 superioribus
1922 2083 2024 2146 locis
2059 2101 2101 2148 se

207 2206 395 2272 ostendit.

291 2323 367 2400 Quid
389 2322 445 2387 sibi
466 2320 529 2385 nult
549 2320 745 2402 captivum
765 2317 934 2386 ludicen
961 2326 1124 2383 secutus
1145 2318 1303 2382 ducem?
1346 2318 1449 2383 Scribe
1470 2318 1601 2385 ludltle!
1621 2337 1667 2382 ex
1690 2321 1806 2404 agris.
1850 2320 1931 2384 llaec
1953 2321 2100 2385 ratiolo-

206 2445 316 2529 queudi
336 2449 396 2506 tum
418 2440 525 2504 crebro
547 2445 578 2503 et
599 2437 677 2521 apud
690 2435 805 2502 ibium
826 2443 858 2501 et
879 2437 956 2521 opud
978 2438 1152 2503 Oiceroucm
1173 2440 1331 2519 invenitur,
1352 2446 1387 2505 ut
1407 2458 1447 2504 ιιι
1467 2459 1578 2523 operae
1599 2441 1717 2522 quidem
1740 2444 1867 2524 pretium
1889 2443 1938 2524 sit,
1960 2442 2098 2524 exempla

206 2567 271 2647 ejus
296 2579 369 2628 usus
398 2561 517 2624 alena.
561 2558 620 2624 Sed
647 2557 678 2621 id
702 2556 776 2621 nolo
796 2557 913 2623 silentio
942 2561 1122 2640 praeterire,
1151 2560 1276 2624 eandem
1301 2559 1520 2643 conjecturam,
1550 2567 1742 2643 posteaquam
1764 2561 1795 2623 in
1821 2580 1886 2625 eam
1915 2560 2022 2640 incidi,
2052 2579 2100 2625 me

205 2682 346 2746 vidisse
336 2696 395 2763 pam
419 2679 567 2743 aliemio
589 2677 699 2761 stuttg.
721 2677 837 2759 publice
860 2678 1040 2760 propositam
1061 2678 1163 2743 misse.
1206 2675 1238 2742 ld
1260 2697 1350 2759 quum
1370 2678 1647 2744 Weissenbornium
1669 2696 1731 2744 uon
1751 2679 1871 2765 fugerit,
1892 2678 1961 2743 vido
1982 2679 2029 2744 ed.
2050 2682 2100 2744 alt.

207 2802 320 2868 taubn.
346 2800 413 2864 Vol
436 2797 459 2862 l.
479 2816 509 2882 p.
524 2797 673 2876 cxxvii,
699 2796 808 2879 miror,
841 2799 1033 2880 quamobrem
1054 2814 1119 2862 cam
1139 2799 1170 2861 in
1196 2804 1311 2862 textum
1332 2814 1393 2862 non
1420 2800 1579 2882 receperit.
1621 2798 1725 2864 Lectio
1745 2797 1873 2866 ludicen
1894 2799 1981 2882 plane
2003 2802 2101 2883 inepta

208 2927 271 3001 est,
298 2920 421 2983 mutatio
443 2923 540 2981 autem
562 2933 613 2996 ea,
634 2922 668 2980 ut
689 2914 804 2980 facilior
825 2916 952 3000 cogitari
974 2932 1036 2978 non
1058 2917 1185 2997 possit.

1048 3115 1090 3213 l,
1119 3117 1178 3203 td.
1207 3117 1260 3202 lt.

292 3271 591 3352 videbaturque
620 3288 743 3352 aeque
772 3270 985 3334 diuturnus
1012 3271 1171 3335 iuturus
1203 3271 1316 3335 labor
1344 3291 1386 3335 ac
1415 3272 1507 3335 Veis
1536 3270 1698 3351 luisset,
1727 3272 1764 3334 ni
1790 3270 1952 3335 tortuna
1980 3273 2099 3355 impe·

207 3396 333 3459 ratori
367 3393 537 3457 Romano
570 3390 684 3455 simul
724 3396 762 3453 et
797 3388 987 3470 cognitae
1025 3389 1141 3456 tellus
1182 3355 1346 3457 bellicis
1385 3390 1550 3454 virtutis
1589 3389 1790 3471 specimen
1832 3398 1871 3454 et
1914 3394 2098 3454 uncturam

206 3515 416 3579 victoriam
445 3510 633 3576 dedisset.

292 3632 325 3695 lu
345 3632 391 3696 bis
415 3631 513 3695 verbis
534 3627 763 3712 interpretandis
781 3626 1047 3693 Weissenbornius
1067 3642 1242 3708 quamquam
1264 3632 1355 3710 negat
1375 3629 1447 3691 sutis
1467 3628 1597 3709 liquere,
1619 3629 1769 3710 specimen
1792 3629 1987 3691 nominativus
2007 3634 2098 3707 esset,

207 3769 245 3817 ιιι
266 3753 468 3830 accusativus,
496 3756 596 3813 tamen
619 3748 719 3829 potius
746 3747 802 3810 abi
828 3747 923 3811 uideri
948 3748 988 3810 ait
1016 3747 1165 3828 specimen
1192 3749 1403 3813 nominativum
1430 3767 1499 3812 csse
1528 3765 1615 3829 mnam
1644 3749 1851 3811 accusativum.
1895 3747 2099 3827 loquebare

207 3874 271 3937 lere
294 3873 394 3935 statuit
416 3872 591 3933 sententiam
621 3886 689 3932 esse
710 3869 798 3951 hujus
820 3869 893 3931 loci:
926 3887 1033 3948 ,menn
1061 3868 1141 3932 uicbt
1170 3868 1222 3933 dac
1249 3868 1343 3932 Glticln
1370 3868 1431 3932 und
1460 3867 1595 3951 augleicb
1625 3866 1673 3931 dic
1700 3867 1811 3931 bereits
1837 3869 1868 3931 iu
1889 3864 1947 3930 den
1968 3867 2099 3951 llriegen

207 3990 348 4074 erprobte
369 3987 571 4072 Ticbtigkeit,
594 3984 810 4070 Seelengrbssc
833 3987 914 4050 uicbt
936 4006 993 4050 nur
1015 3989 1081 4050 eine
1102 3987 1296 4072 langwicrige
1316 3986 1522 4072 Belagerung,
1551 3985 1599 4051 die
1620 4005 1688 4051 man
1709 3985 1870 4068 lilrcbtete,
1893 3987 2097 4071 abgeweudet,

207 4107 338 4175 sondern
362 4125 453 4192 sogar
475 4109 564 4172 aincn
586 4105 738 4170 sobnellen
760 4105 832 4190 Sieg
853 4106 992 4190 gegeben
1013 4107 1124 4171 bitte.“

290 4228 335 4292 ba
357 4244 418 4308 quo
438 4227 507 4289 loco
528 4242 567 4288 eo
589 4225 683 4309 magis
704 4225 774 4305 quid
791 4224 923 4307 judicem
944 4242 1123 4307 expromere
1144 4227 1253 4308 audeo,
1277 4228 1358 4308 quod
1379 4225 1566 4291 doctissimus
1588 4228 1636 4290 ille
1656 4229 1704 4291 vir
1725 4225 1893 4310 significare
1915 4225 2044 4308 videtur,
2067 4230 2097 4292 in

208 4364 246 4413 eo
266 4345 490 4430 interpretando
512 4362 573 4409 non
592 4344 680 4427 plane
702 4361 736 4407 se
757 4344 812 4407 sibi
834 4346 905 4409 satis
926 4344 1044 4409 iecisse.

292 4467 337 4531 Ac
359 4467 485 4549 primum
506 4463 624 4544 quidem
646 4462 765 4544 dubito,
795 4481 864 4527 num
887 4465 953 4545 quis
975 4462 1075 4528 dicere
1097 4469 1204 4546 possit,
1234 4467 1349 4529 virtutis
1371 4466 1521 4548 speolncu
1542 4473 1685 4530 maturam
1708 4468 1860 4533 victoriam
1882 4469 2013 4547 dedisse,
2041 4470 2097 4531 etsi

209 4587 280 4653 satis
302 4595 385 4651 recte
407 4584 466 4649 dici
486 4585 597 4666 possit,
627 4582 775 4646 fortunam
805 4583 922 4646 dedisse
951 4591 1093 4648 maturam
1119 4585 1282 4649 victorium.
1325 4586 1439 4649 Deinde
1467 4585 1601 4665 quisnam
1623 4584 1673 4649 dat
1693 4587 1844 4667 specimen
1865 4588 1909 4651 rei
1929 4583 2097 4667 cognitori

208 4707 345 4787 Denique
366 4706 432 4786 quis
461 4703 569 4782 credit,
599 4701 766 4783 Camillum,
794 4709 949 4784 postquam
971 4702 1070 4767 Gallos
1097 4702 1206 4767 ruderit
1236 4721 1438 4784 summamque
1467 4703 1591 4787 gloriam
1620 4703 1753 4769 bellicam
1780 4706 1835 4770 sibi
1864 4709 2030 4788 pepererit,
2060 4705 2096 4769 ab

210 4829 317 4892 eodem
338 4825 500 4906 scriptore,
523 4825 574 4905 qui
596 4836 699 4885 omncs
720 4837 770 4885 res
791 4822 826 4886 ab
849 4841 887 4886 eo
910 4829 1011 4906 gestas
1032 4824 1187 4905 exposuit,
1209 4822 1266 4886 dici
1292 4824 1444 4904 specimen
1470 4822 1587 4885 virtutis
1614 4821 1727 4887 bellicis
1747 4824 1838 4889 rebus
1866 4827 2003 4911 cognitae
2029 4827 2096 4889 edi-

212 4944 307 5010 disset
349 4941 488 5026 Accedit,
511 4944 592 5024 quod
613 4940 750 5008 Camillus
770 4941 850 5006 illum
872 4941 1014 5025 perfidum
1035 4943 1268 5028 ludimagistrum
1282 4943 1401 5008 Faliscis
1423 4942 1542 5008 tradem
1563 4960 1624 5008 non
1645 4943 1774 5012 bellicae
1797 4946 1914 5023 uirtutis
1934 4947 1988 5011 s'ed
2009 4947 2096 5012 animi
