4500 5528
1084 421 1108 505 t

148 645 278 733 ένορᾶν
298 643 550 727 κολαζομένοις
563 651 631 722 τοῖς
652 647 781 724 παισὶν,
803 645 907 734 ἄχρις
929 644 970 714 οὖ
997 651 1264 724 κατακτείναντες
1284 648 1410 722 αὐτούς
1431 648 1485 714 tari
1498 643 1674 736 τοῦδαφος
1688 645 1840 715 πελέκεσι
1862 649 1922 724 τάε
1943 673 2043 740 sepo·

148 767 213 841 λάε
234 767 431 852 ἀπέκοψαν.
475 770 608 844 Quorum
633 767 670 832 de
696 769 872 833 auctoritate
898 770 969 834 nihil
994 770 1140 855 derogant
1168 770 1271 855 Virgil.
1294 771 1387 835 verba
1408 767 1484 833 Aen.
1507 770 1561 851 vl,
1585 769 1658 835 823.
1702 769 1775 833 liam
1803 789 1842 835 ne
1870 773 1896 835 is
1923 773 2043 853 quidem

149 895 254 956 auctor
287 896 347 970 est,
383 897 443 954 tum
477 891 604 955 maxima
632 889 664 953 in
698 888 893 972 exsequendo
921 890 1065 972 supplicio
1098 906 1229 954 amorem
1262 891 1389 972 patrium
1423 891 1453 953 in
1487 889 1570 953 vultu
1598 889 1690 971 patris
1719 889 1910 972 conspicuum
1939 891 2042 956 tuisse.

148 1007 284 1088 Denique
305 1009 331 1070 si
355 1009 603 1089 quaesiverimus,
625 1007 656 1070 in
676 1007 760 1071 Bruti
782 1026 956 1090 personam,
986 1008 1103 1089 quatern
1124 1007 1242 1088 quidem
1265 1008 1385 1072 alterius
1412 1005 1575 1071 conditoris
1597 1007 1684 1070 Urbis
1708 1007 1860 1091 tingebant
1880 1012 2043 1092 scriptores

147 1125 282 1208 Romani,
303 1133 401 1190 utrum
422 1128 516 1211 magis
537 1126 622 1191 cadat
643 1125 777 1191 dotorem
799 1143 973 1209 oppressum
988 1133 1092 1191 tenere
1113 1129 1225 1208 patriae
1239 1146 1341 1192 amore
1363 1146 1400 1192 an
1422 1128 1548 1218 titubare
1567 1128 1665 1190 animo
1687 1133 1718 1191 et
1738 1124 1949 1195 dubitationem
1970 1150 2043 1214 prae

148 1263 183 1312 sc
203 1246 293 1330 terre,
315 1247 501 1313 manifestum
521 1251 587 1331 erit,
609 1266 670 1313 non
691 1251 824 1331 potuisse
845 1247 958 1312 Livimn
977 1248 1093 1313 reterre
1113 1247 1272 1312 eminuisse
1293 1249 1324 1311 in
1347 1265 1401 1311 ore
1422 1247 1505 1311 Bruti
1525 1264 1657 1310 amorem
1679 1246 1815 1328 patrium

146 1444 150 1455 .
193 1368 377 1461 Fuerunt,
399 1371 458 1449 qui,
481 1375 514 1432 ut
528 1368 629 1455 Livius
643 1386 711 1433 cum
733 1369 841 1432 ceteris
861 1368 1031 1433 auctoribus
1045 1369 1238 1451 consentiret,
1257 1367 1346 1463 scribi
1361 1372 1520 1431 censerent
1531 1383 1589 1447 pro
1611 1364 1758 1463 spinetis
1771 1364 2000 1475 ὠναὶ-ψ»
2004 1369 2043 1431 ob

148 1503 183 1549 er
204 1485 297 1551 durob
318 1487 377 1583 dep
395 1484 555 1551 Ausdruclr
578 1485 631 1555 des
652 1485 861 1569 vatergesoots
884 1484 1022 1551 autiallen
1044 1485 1174 1571 werdes‘
1221 1485 1280 1551 Sed
1304 1464 1371 1569 quis
1392 1492 1454 1566 est,
1477 1486 1527 1587 qut
1550 1452 1653 1549 credat
1672 1476 1787 1569 Liaiqm
1808 1485 1850 1565 ita
1870 1488 2042 1587 scripsisse!

149 1594 236 1679 Quod
262 1605 341 1668 enim
370 1604 512 1687 quilibet
517 1621 571 1667 sua
599 1609 706 1697 sponte
732 1604 883 1690 intelligit,
914 1606 984 1686 quid
1012 1606 1146 1669 homines
1174 1604 1276 1679 videre
1303 1607 1452 1671 voluerint
1483 1603 1594 1668 vultum
1622 1608 1653 1665 et
1681 1620 1722 1706 ps
1727 1605 1850 1703 patris
1862 1611 2043 1699 spectantes,

149 1696 263 1787 diceret
283 1725 426 1821 scriptor,
449 1721 531 1805 quod
550 1722 652 1787 audire
676 1724 826 1805 cupimus,
847 1724 998 1787 reticeret

233 1841 346 1905 Eodem
368 1841 487 1904 nomine
508 1840 701 1923 vituperanda
723 1841 840 1905 videtur
860 1816 1039 1906 Alschefski
1068 1790 1287 1924 interpretatio:
1317 1843 1434 1924 ,tndem
1463 1843 1511 1908 dte
1537 1804 1808 1906 Auimerksamlmit
1828 1841 1911 1908 Alter
1939 1843 2047 1909 darauf

149 1959 297 2044 gericbtet
317 1979 395 2040 war,
424 1961 483 2022 wie
504 1960 567 2023 sich
590 1959 637 2022 bei
660 1960 760 2023 dieser
781 1959 937 2044 Handlung
959 1961 1011 2023 das
1034 1959 1138 2025 Geirttrl
1161 1961 1213 2024 des
1235 1962 1342 2025 Vaters
1364 1960 1466 2025 werde
1488 1980 1526 2024 zu
1549 1960 1702 2024 erkennen
1726 1961 1861 2044 geben;“
1886 1964 1942 2025 nisi
1963 1961 2043 2044 quod

149 2077 252 2142 eadem
275 2096 335 2141 non
357 2079 505 2161 perspicio
527 2079 677 2159 quomodo
699 2097 717 2141 e
738 2078 813 2140 Livii
836 2080 935 2143 verbis
957 2080 1023 2143 elici
1044 2082 1145 2162 possit.

234 2196 310 2272 Quid
330 2197 421 2281 igitur
442 2196 653 2261 statuendum?
696 2196 762 2281 Ego
783 2200 937 2279 suspicor,
966 2206 1034 2262 ante
1062 2198 1207 2265 emnam
1235 2198 1405 2281 particulam
1434 2200 1601 2283 negativam
1624 2198 1782 2262 excidisse.
1826 2199 1890 2272 Qua
1910 2199 2042 2279 reposita

149 2316 224 2381 Livii
245 2319 375 2380 narratio
397 2335 464 2380 curn
485 2322 654 2381 ceterorum
676 2324 831 2381 auctorum
852 2319 996 2382 relatione
1020 2310 1182 2398 consendt,
1213 2338 1230 2381 a
1252 2337 1310 2398 qua
1338 2320 1388 2399 qui
1409 2317 1521 2380 Livium
1544 2318 1717 2381 discessisse
1739 2323 1843 2399 putant
1862 2316 2042 2380 humanitate

149 2435 285 2517 ductum,
313 2442 346 2499 ut
360 2436 490 2529 'Brutum
511 2438 608 2502 nunus
628 2436 763 2511 ferocem
783 2435 929 2520 tingeret,
958 2437 1136 2503 iividentur
1158 2436 1239 2500 obliti
1261 2456 1328 2501 esse
1349 2437 1464 2501 Livium
1485 2456 1587 2501 rerum
1610 2443 1761 2521 gestarum
1783 2437 1959 2518 scriptorem
1981 2453 2042 2497 non

149 2561 268 2636 poetam
294 2553 395 2621 luisse.
437 2554 578 2637 Accedit,
607 2555 687 2636 quod
713 2574 753 2619 ne
780 2556 825 2619 sic
848 2556 967 2637 quidem
993 2557 1101 2621 Brutus
1126 2557 1233 2620 dicitur
1260 2556 1354 2619 omnis
1381 2546 1466 2637 patrii
1493 2558 1582 2621 animi
1603 2574 1717 2638 expers
1740 2556 1832 2621 lusisse
1854 2554 1909 2619 sed
1929 2562 2042 2620 tanturn

150 2674 228 2736 inter
251 2672 384 2755 publicae
407 2692 522 2756 poenae
547 2675 739 2737 ministerium
760 2675 937 2736 immutatus.

233 2793 375 2858 Particula
394 2808 456 2862 ιιοι
476 2796 548 2859 item
568 2793 663 2873 XXX,
685 2793 737 2856 23.
761 2794 834 2857 6in
841 2792 934 2871 libris
956 2810 1087 2856 manusc
1110 2793 1218 2856 omissa
1242 2793 1277 2857 ab
1306 2793 1520 2875 interpretibus
1539 2795 1675 2863 restituta
1696 2800 1754 2863 est
1777 2738 1945 2877 ddjaugam
1966 2791 2041 2856 duos

145 2911 224 2976 alios
244 2913 345 2994 locos,
369 2913 475 2994 quibus
497 2913 620 2995 stipsis
643 2913 765 2996 negatio
786 2910 902 2975 videtur
926 2912 1107 2993 reponenda

995 3112 1038 3207 l,
1065 3112 1115 3196 31.
1140 3111 1192 3195 15.

234 3268 391 3342 Quinam
425 3268 479 3331 sit
513 3266 597 3348 itte,
640 3281 746 3347 quem
777 3264 917 3348 piscat
956 3265 1268 3350 longinquitatis
1300 3264 1495 3328 bellorum
1531 3266 1745 3331 scribendo
1777 3266 2040 3350 legendoque,

150 3394 464 3472 quaegerentes
492 3402 568 3448 non
596 3385 896 3470 fatigaverunt?

232 3504 290 3570 Atii
315 3505 382 3570 libri
409 3505 519 3568 babent
543 3518 605 3571 nott
626 3505 744 3588 pigeat,
766 3504 813 3568 atii
835 3506 972 3567 omittunt
993 3504 1189 3590 negationem.
1234 3499 1327 3565 Aldus
1348 3505 1430 3584 prius
1453 3505 1550 3567 orobit
1572 3523 1648 3584 eam,
1670 3503 1777 3568 deinde
1798 3505 1829 3569 in
1850 3505 1955 3569 errab's
1976 3522 2041 3568 cam

146 3629 289 3709 reposuit
332 3625 495 3692 Glareanus
515 3642 577 3689 non
597 3625 765 3708 intelligere
783 3644 818 3690 se
839 3624 962 3703 latetur,
986 3641 1140 3706 quamnam
1164 3638 1200 3684 eo
1222 3621 1291 3685 loco
1314 3621 1373 3684 rim
1394 3621 1511 3685 habeat.
1553 3623 1814 3689 Drakenborclrius
1835 3623 1964 3704 denique
1986 3621 2042 3685 ad-

146 3745 259 3828 jungit:
280 3746 307 3809 si
327 3745 359 3808 id
378 3747 437 3809 mei
458 3745 570 3809 arbitrii
589 3746 644 3826 sit,
666 3744 801 3809 voculam
822 3758 884 3811 non
905 3744 1023 3808 delebo.
1065 3745 1103 3808 Et
1124 3745 1287 3808 omiserunt
1309 3762 1374 3808 eam
1396 3751 1427 3807 et
1448 3744 1710 3810 Weissenbornius
1732 3752 1762 3810 et
1783 3743 1999 3809 Alscbetslrius.

232 3862 405 3942 Videamus,
428 3863 500 3945 quid
520 3862 556 3927 ad
577 3863 871 3945 senteutiamvaleat
892 3869 923 3926 et
942 3863 1039 3928 addite
1060 3864 1179 3949 negatio
1201 3871 1232 3927 et
1251 3865 1370 3927 omissa.
1413 3865 1479 3939 Quo
1501 3864 1582 3928 lacto
1604 3863 1690 3928 tacite
1711 3863 1878 3947 apparebit,
1905 3864 2042 3928 retinen·

147 3981 223 4048 dene
244 3984 341 4047 sitan
362 3983 535 4066 abjicienda.
578 3983 619 4047 Et
644 3989 763 4063 servata
776 3982 907 4077 'quidem
938 3984 1096 4067 negatione
1124 3983 1198 4048 baec
1225 3989 1365 4047 nascetur
1395 3984 1558 4048 sententia:
1589 3990 1648 4047 tam
1677 3983 1786 4049 diutina
1816 3982 1939 4048 luerunt
1965 3982 2041 4046 bella

147 4119 215 4166 cum
236 4101 413 4167 Samnitibus
441 4107 543 4185 gesta,
571 4106 604 4164 ut
631 4101 680 4167 rel
710 4103 861 4186 legentem
887 4103 937 4171 vet
964 4103 1144 4168 scribentem
1170 4102 1392 4187 longinquitatis
1419 4120 1523 4165 corum
1551 4103 1669 4187 pigeat,
1698 4102 1778 4184 quod
1808 4100 1886 4165 idern
1914 4102 2041 4186 tegimus

146 4220 204 4303 Vl,
235 4221 285 4287 12.
313 4221 350 4284 2:
384 4237 459 4285 non
494 4218 630 4285 dubito
665 4227 827 4304 praeter
855 4221 1093 4291 sattctttcn
1121 4227 1177 4285 tot
1200 4223 1277 4305 jam
1303 4221 1422 4286 libris
1449 4221 1607 4297 assidua
1636 4221 1740 4286 bella
1770 4239 1852 4285 corn
1882 4220 2041 4289 Volscis

146 4347 260 4424 gesta
280 4339 510 4424 tegentibus
530 4345 563 4404 et
585 4357 617 4421 q.
637 4356 676 4421 s„

230 4460 353 4545 ltejeota
372 4461 533 4544 negatione
554 4460 629 4527 baec
651 4461 764 4525 orietur
784 4462 947 4525 sententia:
975 4467 1055 4526 tanta
1077 4461 1132 4526 snit
1154 4460 1323 4525 Samnitium
1351 4462 1383 4524 in
1412 4461 1468 4527 illis
1495 4462 1581 4527 bellis
1610 4462 1752 4546 gerendis
1779 4457 1979 4538 conto-acia,
2007 4461 2041 4519 ut

146 4595 235 4669 nemo
256 4580 363 4646 debeat
382 4581 414 4644 io
434 4580 471 4644 iis
491 4577 626 4662 legende
647 4584 698 4643 ant
717 4578 884 4645 scribendis
904 4579 1070 4665 defatigari.

228 4693 320 4776 Atqui
340 4698 437 4763 minus
458 4702 557 4780 aptum
577 4694 695 4761 videtur
714 4696 853 4781 legentes
873 4698 1039 4779 adhortari,
1067 4715 1106 4763 ne
1134 4717 1188 4762 eos
1217 4700 1317 4785 pigeat
1344 4699 1450 4784 tegere
1471 4698 1509 4762 ob
1532 4717 1598 4763 eam
1627 4715 1762 4777 caumm,
1791 4695 1873 4777 quod
1894 4694 2040 4762 Samnites

145 4812 259 4909 fatigati
279 4830 342 4880 noo
358 4817 421 4909 'sint
440 4815 583 4917 gerendis
603 4815 660 4883 illis
680 4816 775 4881 octus
819 4818 891 4893 orris
912 4822 960 4881 est
982 4818 1080 4900 anim,
1109 4819 1161 4901 qui
1179 4819 1229 4883 tali
1251 4826 1427 4904 argomento
1448 4819 1626 4884 moveatur?
1648 4818 1774 4899 contra,
1796 4818 1828 4889 si,
1843 4817 1964 4902 negotio
1985 4832 2040 4879 re-

145 4934 282 5018 murm,
302 4953 349 5007 οι,
362 4935 486 5035 ratione¹
498 4938 636 5025 scriptor,
647 4937 872 5037 admirationem
891 4937 1074 5005 tortitudinis
1102 4943 1134 5004 et
1154 4941 1338 5005 constantiae
1366 4939 1482 5005 illarum
1508 4939 1642 5024 gentium
1668 4938 1781 5004 usitat
1807 4937 1945 5023 fatigatos
1970 4951 2039 5000 esse
